<?xml version="1.0" encoding="UTF-8"?>
<!DOCTYPE html PUBLIC "-//W3C//DTD XHTML 1.0 Transitional//EN"
    "http://www.w3.org/TR/xhtml1/DTD/xhtml1-transitional.dtd">
<html xmlns="http://www.w3.org/1999/xhtml" xml:lang="en" lang="en">
 <head>
  <title>
</title>
<meta http-equiv="Content-Type" content="text/html;charset=utf-8" />
  <meta name='ocr-system' content='tesseract 3.04.00' />
  <meta name='ocr-capabilities' content='ocr_page ocr_carea ocr_par ocr_line ocrx_word'/>
</head>
<body>
  <div class='ocr_page' id='page_1' title='image "./deofficiislibri05cicegoog_0029.png"; bbox 0 0 2592 4142; ppageno 0'>
   <div class='ocr_carea' id='block_1_1' title="bbox 956 198 2279 287">
    <p class='ocr_par' dir='ltr' id='par_1_1' title="bbox 956 198 2279 287">
     <span class='ocr_line' id='line_1_1' title="bbox 956 198 2279 287; baseline -0.004 0"><span class='ocrx_word' id='word_1_1' title='bbox 956 237 1197 287; x_wconf 60' lang='lat' dir='ltr'><strong>amr.</strong></span> <span class='ocrx_word' id='word_1_2' title='bbox 1295 221 1434 284; x_wconf 61' lang='lat' dir='ltr'><strong>off.</strong></span> <span class='ocrx_word' id='word_1_3' title='bbox 1459 241 1564 286; x_wconf 82' lang='lat' dir='ltr'><strong>vn.</strong></span> <span class='ocrx_word' id='word_1_4' title='bbox 2204 198 2279 283; x_wconf 62' lang='lat'><strong>1‘3</strong></span> 
     </span>
    </p>
   </div>
   <div class='ocr_carea' id='block_1_2' title="bbox 229 369 2325 2345">
    <p class='ocr_par' dir='ltr' id='par_1_2' title="bbox 229 369 2325 2345">
     <span class='ocr_line' id='line_1_2' title="bbox 229 369 2174 452; baseline -0.001 -20"><span class='ocrx_word' id='word_1_5' title='bbox 229 370 294 432; x_wconf 85' lang='lat' dir='ltr'><strong>in</strong></span> <span class='ocrx_word' id='word_1_6' title='bbox 319 384 440 450; x_wconf 80' lang='lat' dir='ltr'><strong>qua</strong></span> <span class='ocrx_word' id='word_1_7' title='bbox 464 369 748 431; x_wconf 76' lang='lat' dir='ltr'><strong>excellere</strong></span> <span class='ocrx_word' id='word_1_8' title='bbox 784 371 1093 450; x_wconf 77' lang='lat' dir='ltr'><strong>pulchrum</strong></span> <span class='ocrx_word' id='word_1_9' title='bbox 1120 379 1423 452; x_wconf 84' lang='lat' dir='ltr'><strong>putamus:</strong></span> <span class='ocrx_word' id='word_1_10' title='bbox 1461 371 1581 452; x_wconf 80' lang='lat' dir='ltr'><strong>labi</strong></span> <span class='ocrx_word' id='word_1_11' title='bbox 1619 378 1830 442; x_wconf 79' lang='lat' dir='ltr'><strong>autem,</strong></span> <span class='ocrx_word' id='word_1_12' title='bbox 1851 380 2055 442; x_wconf 82' lang='lat' dir='ltr'><strong>errare,</strong></span> <span class='ocrx_word' id='word_1_13' title='bbox 2075 386 2174 430; x_wconf 86' lang='lat' dir='ltr'><strong>ne-</strong></span> 
     </span>
     <span class='ocr_line' id='line_1_3' title="bbox 233 460 2238 545; baseline -0 -23"><span class='ocrx_word' id='word_1_14' title='bbox 233 462 399 532; x_wconf 75' lang='lat' dir='ltr'><strong>scire,</strong></span> <span class='ocrx_word' id='word_1_15' title='bbox 436 461 641 540; x_wconf 77' lang='lat' dir='ltr'><strong>decipi,</strong></span> <span class='ocrx_word' id='word_1_16' title='bbox 678 468 741 521; x_wconf 90' lang='lat' dir='ltr'><strong>et</strong></span> <span class='ocrx_word' id='word_1_17' title='bbox 775 462 994 521; x_wconf 86' lang='lat' dir='ltr'><strong>malum</strong></span> <span class='ocrx_word' id='word_1_18' title='bbox 1034 470 1094 522; x_wconf 87' lang='lat' dir='ltr'><strong>et</strong></span> <span class='ocrx_word' id='word_1_19' title='bbox 1127 470 1300 545; x_wconf 80' lang='lat' dir='ltr'><strong>turpe</strong></span> <span class='ocrx_word' id='word_1_20' title='bbox 1331 460 1614 523; x_wconf 75' lang='lat' dir='ltr'><strong>ducimus.</strong></span> <span class='ocrx_word' id='word_1_21' title='bbox 1697 465 1770 522; x_wconf 76' lang='lat' dir='ltr'><strong>In</strong></span> <span class='ocrx_word' id='word_1_22' title='bbox 1807 463 1919 525; x_wconf 84' lang='lat' dir='ltr'><strong>hoc</strong></span> <span class='ocrx_word' id='word_1_23' title='bbox 1965 479 2173 542; x_wconf 79' lang='lat' dir='ltr'>genere</span> <span class='ocrx_word' id='word_1_24' title='bbox 2202 468 2238 522; x_wconf 80' lang='lat'><strong>3</strong></span> 
     </span>
     <span class='ocr_line' id='line_1_4' title="bbox 235 552 2171 622; baseline -0.001 -10"><span class='ocrx_word' id='word_1_25' title='bbox 235 559 299 612; x_wconf 87' lang='lat' dir='ltr'><strong>et</strong></span> <span class='ocrx_word' id='word_1_26' title='bbox 322 552 572 611; x_wconf 83' lang='lat' dir='ltr'><strong>naturali</strong></span> <span class='ocrx_word' id='word_1_27' title='bbox 594 559 659 611; x_wconf 21' lang='lat' dir='ltr'><strong>*et</strong></span> <span class='ocrx_word' id='word_1_28' title='bbox 697 552 943 611; x_wconf 87' lang='lat' dir='ltr'><strong>honesto</strong></span> <span class='ocrx_word' id='word_1_29' title='bbox 970 552 1087 611; x_wconf 80' lang='lat' dir='ltr'><strong>duo</strong></span> <span class='ocrx_word' id='word_1_30' title='bbox 1125 554 1263 615; x_wconf 78' lang='lat' dir='ltr'><strong>vitia</strong></span> <span class='ocrx_word' id='word_1_31' title='bbox 1288 553 1522 612; x_wconf 79' lang='lat' dir='ltr'><strong>vitanda</strong></span> <span class='ocrx_word' id='word_1_32' title='bbox 1548 560 1715 612; x_wconf 82' lang='lat' dir='ltr'><strong>sunt:</strong></span> <span class='ocrx_word' id='word_1_33' title='bbox 1755 556 1952 622; x_wconf 54' lang='lat' dir='ltr'><strong>unumg</strong></span> <span class='ocrx_word' id='word_1_34' title='bbox 1978 572 2052 612; x_wconf 88' lang='lat' dir='ltr'><strong>ne</strong></span> <span class='ocrx_word' id='word_1_35' title='bbox 2087 552 2171 611; x_wconf 89' lang='lat' dir='ltr'><strong>in-</strong></span> 
     </span>
     <span class='ocr_line' id='line_1_5' title="bbox 235 640 2170 723; baseline 0.001 -23"><span class='ocrx_word' id='word_1_36' title='bbox 235 642 469 722; x_wconf 85' lang='lat' dir='ltr'><strong>cognita</strong></span> <span class='ocrx_word' id='word_1_37' title='bbox 507 658 617 721; x_wconf 79' lang='lat' dir='ltr'><strong>pro</strong></span> <span class='ocrx_word' id='word_1_38' title='bbox 644 642 891 722; x_wconf 80' lang='lat' dir='ltr'><strong>cognitis</strong></span> <span class='ocrx_word' id='word_1_39' title='bbox 929 643 1258 712; x_wconf 75' lang='lat' dir='ltr'><strong>habeamus,</strong></span> <span class='ocrx_word' id='word_1_40' title='bbox 1287 640 1489 723; x_wconf 79' lang='lat' dir='ltr'><strong>hisque</strong></span> <span class='ocrx_word' id='word_1_41' title='bbox 1527 651 1742 703; x_wconf 82' lang='lat' dir='ltr'><strong>temere</strong></span> <span class='ocrx_word' id='word_1_42' title='bbox 1781 644 2170 704; x_wconf 77' lang='lat' dir='ltr'><strong>assentiamur.</strong></span> 
     </span>
     <span class='ocr_line' id='line_1_6' title="bbox 236 729 2171 812; baseline 0 -20"><span class='ocrx_word' id='word_1_43' title='bbox 236 733 412 803; x_wconf 76' lang='lat' dir='ltr'><strong>Quod</strong></span> <span class='ocrx_word' id='word_1_44' title='bbox 450 732 649 793; x_wconf 78' lang='lat' dir='ltr'><strong>vitium</strong></span> <span class='ocrx_word' id='word_1_45' title='bbox 690 733 941 811; x_wconf 85' lang='lat' dir='ltr'><strong>effugere</strong></span> <span class='ocrx_word' id='word_1_46' title='bbox 967 732 1065 810; x_wconf 86' lang='lat' dir='ltr'><strong>qui</strong></span> <span class='ocrx_word' id='word_1_47' title='bbox 1088 733 1264 802; x_wconf 84' lang='lat' dir='ltr'><strong>volet,</strong></span> <span class='ocrx_word' id='word_1_48' title='bbox 1296 731 1516 812; x_wconf 74' lang='lat' dir='ltr'><strong>(omnes</strong></span> <span class='ocrx_word' id='word_1_49' title='bbox 1543 741 1743 792; x_wconf 84' lang='lat' dir='ltr'><strong>autem</strong></span> <span class='ocrx_word' id='word_1_50' title='bbox 1762 733 1909 792; x_wconf 85' lang='lat' dir='ltr'><strong>velle</strong></span> <span class='ocrx_word' id='word_1_51' title='bbox 1935 729 2171 812; x_wconf 86' lang='lat' dir='ltr'><strong>debent)</strong></span> 
     </span>
     <span class='ocr_line' id='line_1_7' title="bbox 233 820 2170 907; baseline 0 -25"><span class='ocrx_word' id='word_1_52' title='bbox 233 822 538 883; x_wconf 78' lang='lat' dir='ltr'><strong>adhibebit</strong></span> <span class='ocrx_word' id='word_1_53' title='bbox 590 822 667 884; x_wconf 80' lang='lat' dir='ltr'><strong>ad</strong></span> <span class='ocrx_word' id='word_1_54' title='bbox 707 820 1146 881; x_wconf 82' lang='lat' dir='ltr'><strong>considerandas</strong></span> <span class='ocrx_word' id='word_1_55' title='bbox 1184 841 1281 881; x_wconf 82' lang='lat' dir='ltr'><strong>res</strong></span> <span class='ocrx_word' id='word_1_56' title='bbox 1316 829 1377 882; x_wconf 85' lang='lat' dir='ltr'><strong>et</strong></span> <span class='ocrx_word' id='word_1_57' title='bbox 1426 831 1656 902; x_wconf 83' lang='lat' dir='ltr'><strong>tempus</strong></span> <span class='ocrx_word' id='word_1_58' title='bbox 1695 831 1756 882; x_wconf 91' lang='lat' dir='ltr'><strong>et</strong></span> <span class='ocrx_word' id='word_1_59' title='bbox 1797 822 2170 907; x_wconf 67' lang='lat' dir='ltr'><strong>diligentiam.</strong></span> 
     </span>
     <span class='ocr_line' id='line_1_8' title="bbox 234 907 2240 992; baseline -0 -20"><span class='ocrx_word' id='word_1_60' title='bbox 234 914 511 972; x_wconf 80' lang='lat' dir='ltr'><strong>Alterum</strong></span> <span class='ocrx_word' id='word_1_61' title='bbox 550 907 640 971; x_wconf 82' lang='lat' dir='ltr'><strong>est</strong></span> <span class='ocrx_word' id='word_1_62' title='bbox 678 911 894 982; x_wconf 63' lang='lat' dir='ltr'><strong>uitium,</strong></span> <span class='ocrx_word' id='word_1_63' title='bbox 922 910 1079 990; x_wconf 83' lang='lat' dir='ltr'><strong>quod</strong></span> <span class='ocrx_word' id='word_1_64' title='bbox 1118 911 1353 991; x_wconf 84' lang='lat' dir='ltr'><strong>quidam</strong></span> <span class='ocrx_word' id='word_1_65' title='bbox 1389 912 1553 971; x_wconf 86' lang='lat' dir='ltr'><strong>nimis</strong></span> <span class='ocrx_word' id='word_1_66' title='bbox 1597 930 1872 992; x_wconf 87' lang='lat' dir='ltr'><strong>magnum</strong></span> <span class='ocrx_word' id='word_1_67' title='bbox 1918 912 2172 971; x_wconf 84' lang='lat' dir='ltr'><strong>studium</strong></span> <span class='ocrx_word' id='word_1_68' title='bbox 2202 916 2240 971; x_wconf 84' lang='lat'>4</span> 
     </span>
     <span class='ocr_line' id='line_1_9' title="bbox 235 994 2173 1080; baseline -0.001 -19"><span class='ocrx_word' id='word_1_69' title='bbox 235 994 596 1080; x_wconf 53' lang='lat' dir='ltr'><strong>mlmffiue</strong></span> <span class='ocrx_word' id='word_1_70' title='bbox 617 1016 847 1080; x_wconf 80' lang='lat' dir='ltr'><strong>operam</strong></span> <span class='ocrx_word' id='word_1_71' title='bbox 877 1001 936 1060; x_wconf 89' lang='lat' dir='ltr'><strong>in</strong></span> <span class='ocrx_word' id='word_1_72' title='bbox 960 1020 1053 1059; x_wconf 88' lang='lat' dir='ltr'><strong>res</strong></span> <span class='ocrx_word' id='word_1_73' title='bbox 1081 1002 1355 1060; x_wconf 83' lang='lat' dir='ltr'><strong>obscuras</strong></span> <span class='ocrx_word' id='word_1_74' title='bbox 1383 1009 1555 1079; x_wconf 82' lang='lat' dir='ltr'><strong>atque</strong></span> <span class='ocrx_word' id='word_1_75' title='bbox 1581 1002 1833 1061; x_wconf 74' lang='lat' dir='ltr'><strong>difficiles</strong></span> <span class='ocrx_word' id='word_1_76' title='bbox 1859 1003 2173 1070; x_wconf 84' lang='lat' dir='ltr'><strong>conferunt,</strong></span> 
     </span>
     <span class='ocr_line' id='line_1_10' title="bbox 236 1091 2241 1170; baseline 0.001 -20"><span class='ocrx_word' id='word_1_77' title='bbox 236 1092 591 1170; x_wconf 72' lang='lat' dir='ltr'><strong>easdemque</strong></span> <span class='ocrx_word' id='word_1_78' title='bbox 613 1111 727 1150; x_wconf 90' lang='lat' dir='ltr'><strong>non</strong></span> <span class='ocrx_word' id='word_1_79' title='bbox 754 1092 1113 1153; x_wconf 69' lang='lat' dir='ltr'><strong>necessarias,</strong></span> <span class='ocrx_word' id='word_1_80' title='bbox 1169 1120 1179 1129; x_wconf 61' lang='lat'><strong>·=</strong></span> <span class='ocrx_word' id='word_1_81' title='bbox 1190 1092 1413 1162; x_wconf 80' lang='lat' dir='ltr'><strong>Quibus</strong></span> <span class='ocrx_word' id='word_1_82' title='bbox 1432 1092 1578 1150; x_wconf 83' lang='lat' dir='ltr'><strong>vitiis</strong></span> <span class='ocrx_word' id='word_1_83' title='bbox 1606 1091 1914 1160; x_wconf 80' lang='lat' dir='ltr'><strong>declinatis,</strong></span> <span class='ocrx_word' id='word_1_84' title='bbox 1936 1092 2091 1169; x_wconf 78' lang='lat' dir='ltr'><strong>quod</strong></span> <span class='ocrx_word' id='word_1_85' title='bbox 2113 1093 2180 1151; x_wconf 88' lang='lat' dir='ltr'><strong>in</strong></span> <span class='ocrx_word' id='word_1_86' title='bbox 2204 1101 2241 1152; x_wconf 87' lang='lat'>5</span> 
     </span>
     <span class='ocr_line' id='line_1_11' title="bbox 235 1181 2157 1261; baseline -0.001 -19"><span class='ocrx_word' id='word_1_87' title='bbox 235 1184 415 1242; x_wconf 86' lang='lat' dir='ltr'><strong>rebus</strong></span> <span class='ocrx_word' id='word_1_88' title='bbox 440 1181 691 1240; x_wconf 87' lang='lat' dir='ltr'><strong>honestis</strong></span> <span class='ocrx_word' id='word_1_89' title='bbox 716 1188 776 1240; x_wconf 87' lang='lat' dir='ltr'><strong>et</strong></span> <span class='ocrx_word' id='word_1_90' title='bbox 802 1182 1118 1260; x_wconf 74' lang='lat' dir='ltr'><strong>cognitione</strong></span> <span class='ocrx_word' id='word_1_91' title='bbox 1146 1181 1336 1261; x_wconf 83' lang='lat' dir='ltr'><strong>dignis</strong></span> <span class='ocrx_word' id='word_1_92' title='bbox 1376 1199 1567 1260; x_wconf 81' lang='lat' dir='ltr'><strong>operae</strong></span> <span class='ocrx_word' id='word_1_93' title='bbox 1610 1198 1874 1259; x_wconf 79' lang='lat' dir='ltr'><strong>curaeque</strong></span> <span class='ocrx_word' id='word_1_94' title='bbox 1913 1189 2157 1259; x_wconf 77' lang='lat' dir='ltr'><strong>ponetur</strong></span> 
     </span>
     <span class='ocr_line' id='line_1_12' title="bbox 235 1256 2170 1356; baseline -0.002 -24"><span class='ocrx_word' id='word_1_95' title='bbox 235 1273 300 1332; x_wconf 83' lang='lat' dir='ltr'><strong>id</strong></span> <span class='ocrx_word' id='word_1_96' title='bbox 322 1273 455 1351; x_wconf 77' lang='lat' dir='ltr'><strong>jure</strong></span> <span class='ocrx_word' id='word_1_97' title='bbox 481 1256 839 1330; x_wconf 72' lang='lat' dir='ltr'><strong>laudabitur:</strong></span> <span class='ocrx_word' id='word_1_98' title='bbox 880 1279 948 1330; x_wconf 89' lang='lat' dir='ltr'><strong>ut</strong></span> <span class='ocrx_word' id='word_1_99' title='bbox 972 1271 1031 1329; x_wconf 90' lang='lat' dir='ltr'><strong>in</strong></span> <span class='ocrx_word' id='word_1_100' title='bbox 1059 1268 1368 1350; x_wconf 76' lang='lat' dir='ltr'><strong>astrologia</strong></span> <span class='ocrx_word' id='word_1_101' title='bbox 1391 1272 1470 1330; x_wconf 71' lang='lat' dir='ltr'><strong>O.</strong></span> <span class='ocrx_word' id='word_1_102' title='bbox 1492 1270 1808 1350; x_wconf 81' lang='lat' dir='ltr'><strong>Sulpicium</strong></span> <span class='ocrx_word' id='word_1_103' title='bbox 1823 1268 2170 1356; x_wconf 72' lang='lat' dir='ltr'><strong>&#39;‘audivimuS,</strong></span> 
     </span>
     <span class='ocr_line' id='line_1_13' title="bbox 236 1358 2180 1441; baseline -0.001 -20"><span class='ocrx_word' id='word_1_104' title='bbox 236 1363 298 1421; x_wconf 87' lang='lat' dir='ltr'><strong>in</strong></span> <span class='ocrx_word' id='word_1_105' title='bbox 324 1362 638 1441; x_wconf 75' lang='lat' dir='ltr'><strong>geometria</strong></span> <span class='ocrx_word' id='word_1_106' title='bbox 664 1361 797 1420; x_wconf 82' lang='lat' dir='ltr'><strong>Sex.</strong></span> <span class='ocrx_word' id='word_1_107' title='bbox 818 1362 1162 1440; x_wconf 87' lang='lat' dir='ltr'><strong>Pompeium</strong></span> <span class='ocrx_word' id='word_1_108' title='bbox 1187 1361 1295 1439; x_wconf 84' lang='lat' dir='ltr'><strong>ipsi</strong></span> <span class='ocrx_word' id='word_1_109' title='bbox 1322 1361 1709 1441; x_wconf 81' lang='lat' dir='ltr'><strong>cognovimus,</strong></span> <span class='ocrx_word' id='word_1_110' title='bbox 1736 1361 1949 1419; x_wconf 88' lang='lat' dir='ltr'><strong>multos</strong></span> <span class='ocrx_word' id='word_1_111' title='bbox 1974 1361 2031 1419; x_wconf 89' lang='lat' dir='ltr'><strong>in</strong></span> <span class='ocrx_word' id='word_1_112' title='bbox 2047 1358 2180 1439; x_wconf 56' lang='lat' dir='ltr'><strong>&#39;diaf</strong></span> 
     </span>
     <span class='ocr_line' id='line_1_14' title="bbox 236 1438 2235 1529; baseline -0.001 -17"><span class='ocrx_word' id='word_1_113' title='bbox 236 1451 474 1520; x_wconf 82' lang='lat' dir='ltr'><strong>lecticis,</strong></span> <span class='ocrx_word' id='word_1_114' title='bbox 503 1451 697 1529; x_wconf 73' lang='lat' dir='ltr'><strong>plures</strong></span> <span class='ocrx_word' id='word_1_115' title='bbox 736 1451 793 1509; x_wconf 91' lang='lat' dir='ltr'><strong>in</strong></span> <span class='ocrx_word' id='word_1_116' title='bbox 828 1451 957 1529; x_wconf 77' lang='lat' dir='ltr'><strong>jure</strong></span> <span class='ocrx_word' id='word_1_117' title='bbox 999 1450 1157 1510; x_wconf 81' lang='lat' dir='ltr'><strong>civili.</strong></span> <span class='ocrx_word' id='word_1_118' title='bbox 1241 1450 1388 1521; x_wconf 78' lang='lat' dir='ltr'><strong>Quae</strong></span> <span class='ocrx_word' id='word_1_119' title='bbox 1414 1470 1611 1510; x_wconf 86' lang='lat' dir='ltr'><strong>omnes</strong></span> <span class='ocrx_word' id='word_1_120' title='bbox 1647 1438 1803 1510; x_wconf 75' lang='lat' dir='ltr'><strong>artes</strong></span> <span class='ocrx_word' id='word_1_121' title='bbox 1843 1452 1903 1509; x_wconf 90' lang='lat' dir='ltr'><strong>in</strong></span> <span class='ocrx_word' id='word_1_122' title='bbox 1927 1452 2048 1510; x_wconf 82' lang='lat' dir='ltr'><strong>veri</strong></span> <span class='ocrx_word' id='word_1_123' title='bbox 2087 1451 2170 1510; x_wconf 90' lang='lat' dir='ltr'><strong>in-</strong></span> <span class='ocrx_word' id='word_1_124' title='bbox 2200 1457 2235 1511; x_wconf 88' lang='lat'>6</span> 
     </span>
     <span class='ocr_line' id='line_1_15' title="bbox 236 1540 2325 1620; baseline -0.001 -18"><span class='ocrx_word' id='word_1_125' title='bbox 236 1541 614 1620; x_wconf 77' lang='lat' dir='ltr'><strong>vestigatione</strong></span> <span class='ocrx_word' id='word_1_126' title='bbox 652 1547 966 1608; x_wconf 74' lang='lat' dir='ltr'><strong>versantur,</strong></span> <span class='ocrx_word' id='word_1_127' title='bbox 982 1540 1160 1619; x_wconf 41' lang='lat' dir='ltr'><strong>deujus</strong></span> <span class='ocrx_word' id='word_1_128' title='bbox 1187 1541 1390 1613; x_wconf 13' lang='lat' dir='ltr'><strong>studio*</strong></span> <span class='ocrx_word' id='word_1_129' title='bbox 1407 1561 1443 1599; x_wconf 95' lang='lat' dir='ltr'><strong>a</strong></span> <span class='ocrx_word' id='word_1_130' title='bbox 1467 1542 1639 1599; x_wconf 86' lang='lat' dir='ltr'><strong>rebus</strong></span> <span class='ocrx_word' id='word_1_131' title='bbox 1679 1541 1941 1620; x_wconf 85' lang='lat' dir='ltr'><strong>gerendis</strong></span> <span class='ocrx_word' id='word_1_132' title='bbox 1968 1541 2178 1601; x_wconf 85' lang='lat' dir='ltr'><strong>abduci</strong></span> <span class='ocrx_word' id='word_1_133' title='bbox 2255 1580 2325 1600; x_wconf 82' lang='lat'><strong>.-</strong></span> 
     </span>
     <span class='ocr_line' id='line_1_16' title="bbox 237 1629 2178 1694; baseline 0.001 -4"><span class='ocrx_word' id='word_1_134' title='bbox 237 1630 712 1691; x_wconf 80' lang='lat' dir='ltr'><strong>contraofficium</strong></span> <span class='ocrx_word' id='word_1_135' title='bbox 739 1637 845 1688; x_wconf 82' lang='lat' dir='ltr'><strong>est.</strong></span> <span class='ocrx_word' id='word_1_136' title='bbox 926 1629 1171 1688; x_wconf 80' lang='lat' dir='ltr'><strong>Virtutis</strong></span> <span class='ocrx_word' id='word_1_137' title='bbox 1191 1630 1487 1689; x_wconf 82' lang='lat' dir='ltr'><strong>enimlaus</strong></span> <span class='ocrx_word' id='word_1_138' title='bbox 1508 1631 1688 1688; x_wconf 86' lang='lat' dir='ltr'><strong>omnis</strong></span> <span class='ocrx_word' id='word_1_139' title='bbox 1714 1631 1773 1689; x_wconf 92' lang='lat' dir='ltr'><strong>in</strong></span> <span class='ocrx_word' id='word_1_140' title='bbox 1798 1631 2017 1689; x_wconf 86' lang='lat' dir='ltr'><strong>actione</strong></span> <span class='ocrx_word' id='word_1_141' title='bbox 2046 1649 2178 1694; x_wconf 85' lang='lat' dir='ltr'><strong>con-</strong></span> 
     </span>
     <span class='ocr_line' id='line_1_17' title="bbox 237 1719 2192 1800; baseline -0.002 -19"><span class='ocrx_word' id='word_1_142' title='bbox 237 1722 425 1781; x_wconf 67' lang='lat' dir='ltr'><strong>s&#39;mtit:</strong></span> <span class='ocrx_word' id='word_1_143' title='bbox 469 1739 504 1778; x_wconf 84' lang='lat' dir='ltr'><strong>a</strong></span> <span class='ocrx_word' id='word_1_144' title='bbox 531 1738 645 1797; x_wconf 88' lang='lat' dir='ltr'><strong>qua</strong></span> <span class='ocrx_word' id='word_1_145' title='bbox 669 1727 862 1779; x_wconf 82' lang='lat' dir='ltr'><strong>tamen</strong></span> <span class='ocrx_word' id='word_1_146' title='bbox 887 1720 954 1778; x_wconf 81' lang='lat' dir='ltr'><strong>fit</strong></span> <span class='ocrx_word' id='word_1_147' title='bbox 979 1719 1314 1781; x_wconf 83' lang='lat' dir='ltr'><strong>intermissio</strong></span> <span class='ocrx_word' id='word_1_148' title='bbox 1342 1738 1517 1800; x_wconf 71' lang='lat' dir='ltr'><strong>saepe.</strong></span> <span class='ocrx_word' id='word_1_149' title='bbox 1544 1720 1823 1798; x_wconf 89' lang='lat' dir='ltr'><strong>multique</strong></span> <span class='ocrx_word' id='word_1_150' title='bbox 1865 1720 2077 1778; x_wconf 86' lang='lat' dir='ltr'><strong>dantur</strong></span> <span class='ocrx_word' id='word_1_151' title='bbox 2102 1719 2192 1795; x_wconf 56' lang='lat' dir='ltr'><strong>ad⁶</strong></span> 
     </span>
     <span class='ocr_line' id='line_1_18' title="bbox 238 1809 2179 1892; baseline -0.003 -20"><span class='ocrx_word' id='word_1_152' title='bbox 238 1811 436 1872; x_wconf 87' lang='lat' dir='ltr'><strong>studia</strong></span> <span class='ocrx_word' id='word_1_153' title='bbox 461 1810 711 1879; x_wconf 84' lang='lat' dir='ltr'><strong>reditus:</strong></span> <span class='ocrx_word' id='word_1_154' title='bbox 752 1817 880 1892; x_wconf 76' lang='lat' dir='ltr'><strong>tum</strong></span> <span class='ocrx_word' id='word_1_155' title='bbox 907 1809 1143 1889; x_wconf 82' lang='lat' dir='ltr'><strong>agitatio</strong></span> <span class='ocrx_word' id='word_1_156' title='bbox 1170 1810 1393 1878; x_wconf 51' lang='lat' dir='ltr'><strong>mentia</strong></span> <span class='ocrx_word' id='word_1_157' title='bbox 1425 1828 1556 1888; x_wconf 85' lang='lat' dir='ltr'><strong>quae</strong></span> <span class='ocrx_word' id='word_1_158' title='bbox 1597 1828 1889 1886; x_wconf 90' lang='lat' dir='ltr'><strong>nunquam</strong></span> <span class='ocrx_word' id='word_1_159' title='bbox 1928 1810 2179 1886; x_wconf 80' lang='lat' dir='ltr'><strong>acquies-</strong></span> 
     </span>
     <span class='ocr_line' id='line_1_19' title="bbox 238 1888 2179 1979; baseline -0.004 -17"><span class='ocrx_word' id='word_1_160' title='bbox 238 1902 338 1970; x_wconf 81' lang='lat' dir='ltr'><strong>cit,</strong></span> <span class='ocrx_word' id='word_1_161' title='bbox 369 1907 692 1979; x_wconf 72' lang='lat' dir='ltr'><strong>potestmos</strong></span> <span class='ocrx_word' id='word_1_162' title='bbox 717 1899 776 1958; x_wconf 89' lang='lat' dir='ltr'><strong>in</strong></span> <span class='ocrx_word' id='word_1_163' title='bbox 802 1899 1004 1958; x_wconf 87' lang='lat' dir='ltr'><strong>studiis</strong></span> <span class='ocrx_word' id='word_1_164' title='bbox 1020 1888 1388 1978; x_wconf 81' lang='lat' dir='ltr'><strong>cognitionis,</strong></span> <span class='ocrx_word' id='word_1_165' title='bbox 1411 1899 1582 1956; x_wconf 86' lang='lat' dir='ltr'><strong>etiam</strong></span> <span class='ocrx_word' id='word_1_166' title='bbox 1623 1898 1741 1956; x_wconf 88' lang='lat' dir='ltr'><strong>sine</strong></span> <span class='ocrx_word' id='word_1_167' title='bbox 1768 1916 1943 1974; x_wconf 90' lang='lat' dir='ltr'><strong>opera</strong></span> <span class='ocrx_word' id='word_1_168' title='bbox 1967 1904 2179 1966; x_wconf 89' lang='lat' dir='ltr'><strong>nostra,</strong></span> 
     </span>
     <span class='ocr_line' id='line_1_20' title="bbox 239 1978 2247 2067; baseline -0.001 -17"><span class='ocrx_word' id='word_1_169' title='bbox 239 1991 546 2051; x_wconf 85' lang='lat' dir='ltr'><strong>continere.</strong></span> <span class='ocrx_word' id='word_1_170' title='bbox 631 1987 825 2048; x_wconf 87' lang='lat' dir='ltr'><strong>Omnis</strong></span> <span class='ocrx_word' id='word_1_171' title='bbox 864 1990 1075 2047; x_wconf 81' lang='lat' dir='ltr'><strong>autem-</strong></span> <span class='ocrx_word' id='word_1_172' title='bbox 1106 1988 1380 2067; x_wconf 85' lang='lat' dir='ltr'><strong>cogitatio</strong></span> <span class='ocrx_word' id='word_1_173' title='bbox 1432 1990 1735 2064; x_wconf 80' lang='lat' dir='ltr'><strong>motusque</strong></span> <span class='ocrx_word' id='word_1_174' title='bbox 1776 1978 1962 2044; x_wconf 84' lang='lat' dir='ltr'><strong>animi·</strong></span> <span class='ocrx_word' id='word_1_175' title='bbox 1986 1992 2086 2044; x_wconf 86' lang='lat' dir='ltr'><strong>aut</strong></span> <span class='ocrx_word' id='word_1_176' title='bbox 2123 1988 2185 2045; x_wconf 84' lang='lat' dir='ltr'><strong>in-</strong></span> <span class='ocrx_word' id='word_1_177' title='bbox 2210 1986 2247 2047; x_wconf 75' lang='lat'><strong>&#39;7</strong></span> 
     </span>
     <span class='ocr_line' id='line_1_21' title="bbox 240 2070 2183 2158; baseline -0.003 -16"><span class='ocrx_word' id='word_1_178' title='bbox 240 2079 488 2142; x_wconf 85' lang='lat' dir='ltr'><strong>consiliis</strong></span> <span class='ocrx_word' id='word_1_179' title='bbox 515 2079 802 2158; x_wconf 78' lang='lat' dir='ltr'><strong>capiendis</strong></span> <span class='ocrx_word' id='word_1_180' title='bbox 829 2079 904 2137; x_wconf 87' lang='lat' dir='ltr'><strong>de</strong></span> <span class='ocrx_word' id='word_1_181' title='bbox 928 2081 1105 2138; x_wconf 87' lang='lat' dir='ltr'><strong>rebus</strong></span> <span class='ocrx_word' id='word_1_182' title='bbox 1128 2077 1383 2137; x_wconf 87' lang='lat' dir='ltr'><strong>honestis</strong></span> <span class='ocrx_word' id='word_1_183' title='bbox 1410 2084 1471 2136; x_wconf 91' lang='lat' dir='ltr'><strong>et</strong></span> <span class='ocrx_word' id='word_1_184' title='bbox 1497 2076 1906 2155; x_wconf 86' lang='lat' dir='ltr'><strong>pertinentibus</strong></span> <span class='ocrx_word' id='word_1_185' title='bbox 1930 2070 2007 2135; x_wconf 76' lang='lat' dir='ltr'><strong>&#39;ad</strong></span> <span class='ocrx_word' id='word_1_186' title='bbox 2037 2078 2183 2136; x_wconf 89' lang='lat' dir='ltr'><strong>bene</strong></span> 
     </span>
     <span class='ocr_line' id='line_1_22' title="bbox 239 2167 2183 2248; baseline -0.003 -16"><span class='ocrx_word' id='word_1_187' title='bbox 239 2172 527 2248; x_wconf 79' lang='lat' dir='ltr'><strong>beateque</strong></span> <span class='ocrx_word' id='word_1_188' title='bbox 568 2169 889 2238; x_wconf 82' lang='lat' dir='ltr'><strong>vivendum,</strong></span> <span class='ocrx_word' id='word_1_189' title='bbox 933 2175 1036 2227; x_wconf 87' lang='lat' dir='ltr'><strong>aut</strong></span> <span class='ocrx_word' id='word_1_190' title='bbox 1080 2168 1139 2226; x_wconf 93' lang='lat' dir='ltr'><strong>in</strong></span> <span class='ocrx_word' id='word_1_191' title='bbox 1179 2167 1385 2226; x_wconf 85' lang='lat' dir='ltr'><strong>studiis</strong></span> <span class='ocrx_word' id='word_1_192' title='bbox 1432 2167 1681 2227; x_wconf 73' lang='lat' dir='ltr'><strong>scientiae</strong></span> <span class='ocrx_word' id='word_1_193' title='bbox 1740 2167 2183 2246; x_wconf 82' lang='lat' dir='ltr'><strong>cognitionisque</strong></span> 
     </span>
     <span class='ocr_line' id='line_1_23' title="bbox 235 2254 1981 2345; baseline -0.002 -23"><span class='ocrx_word' id='word_1_194' title='bbox 235 2259 577 2322; x_wconf 80' lang='lat' dir='ltr'><strong>versabitur.</strong></span> <span class='ocrx_word' id='word_1_195' title='bbox 656 2259 750 2318; x_wconf 83' lang='lat' dir='ltr'><strong>Ac</strong></span> <span class='ocrx_word' id='word_1_196' title='bbox 777 2259 851 2317; x_wconf 88' lang='lat' dir='ltr'><strong>de</strong></span> <span class='ocrx_word' id='word_1_197' title='bbox 877 2258 1062 2337; x_wconf 91' lang='lat' dir='ltr'><strong>primo</strong></span> <span class='ocrx_word' id='word_1_198' title='bbox 1088 2254 1320 2336; x_wconf 87' lang='lat' dir='ltr'><strong>quidem</strong></span> <span class='ocrx_word' id='word_1_199' title='bbox 1346 2257 1511 2317; x_wconf 87' lang='lat' dir='ltr'><strong>officii</strong></span> <span class='ocrx_word' id='word_1_200' title='bbox 1534 2258 1693 2317; x_wconf 86' lang='lat' dir='ltr'><strong>fonte</strong></span> <span class='ocrx_word' id='word_1_201' title='bbox 1719 2256 1981 2345; x_wconf 77' lang='lat' dir='ltr'><strong>diximus.</strong></span> 
     </span>
    </p>
   </div>
   <div class='ocr_carea' id='block_1_3' title="bbox 237 2436 2308 3747">
    <p class='ocr_par' dir='ltr' id='par_1_3' title="bbox 237 2436 2308 2967">
     <span class='ocr_line' id='line_1_24' title="bbox 319 2436 2183 2516; baseline -0.002 -17"><span class='ocrx_word' id='word_1_202' title='bbox 319 2440 465 2499; x_wconf 90' lang='lat' dir='ltr'><strong>VII.</strong></span> <span class='ocrx_word' id='word_1_203' title='bbox 505 2439 597 2497; x_wconf 90' lang='lat' dir='ltr'><strong>De</strong></span> <span class='ocrx_word' id='word_1_204' title='bbox 641 2437 825 2497; x_wconf 87' lang='lat' dir='ltr'><strong>tribus</strong></span> <span class='ocrx_word' id='word_1_205' title='bbox 872 2443 1069 2497; x_wconf 88' lang='lat' dir='ltr'><strong>autem</strong></span> <span class='ocrx_word' id='word_1_206' title='bbox 1114 2436 1347 2515; x_wconf 86' lang='lat' dir='ltr'><strong>reliquis</strong></span> <span class='ocrx_word' id='word_1_207' title='bbox 1392 2437 1682 2497; x_wconf 59' lang='lat' dir='ltr'><strong>latissime*</strong></span> <span class='ocrx_word' id='word_1_208' title='bbox 1711 2442 1874 2516; x_wconf 82' lang='lat' dir='ltr'><strong>patet</strong></span> <span class='ocrx_word' id='word_1_209' title='bbox 1913 2455 1983 2496; x_wconf 86' lang='lat' dir='ltr'><strong>ea</strong></span> <span class='ocrx_word' id='word_1_210' title='bbox 2019 2437 2183 2507; x_wconf 87' lang='lat' dir='ltr'><strong>ratio,</strong></span> 
     </span>
     <span class='ocr_line' id='line_1_25' title="bbox 237 2519 2185 2609; baseline -0.002 -20"><span class='ocrx_word' id='word_1_211' title='bbox 237 2548 361 2609; x_wconf 81' lang='lat' dir='ltr'><strong>qua</strong></span> <span class='ocrx_word' id='word_1_212' title='bbox 387 2528 626 2589; x_wconf 79' lang='lat' dir='ltr'><strong>societas</strong></span> <span class='ocrx_word' id='word_1_213' title='bbox 664 2527 957 2587; x_wconf 89' lang='lat' dir='ltr'><strong>hominum</strong></span> <span class='ocrx_word' id='word_1_214' title='bbox 992 2527 1138 2586; x_wconf 87' lang='lat' dir='ltr'><strong>inter</strong></span> <span class='ocrx_word' id='word_1_215' title='bbox 1176 2519 1331 2605; x_wconf 84' lang='lat' dir='ltr'><strong>ipsos</strong></span> <span class='ocrx_word' id='word_1_216' title='bbox 1359 2534 1419 2586; x_wconf 87' lang='lat' dir='ltr'><strong>et</strong></span> <span class='ocrx_word' id='word_1_217' title='bbox 1443 2524 1578 2587; x_wconf 74' lang='lat' dir='ltr'><strong>vitae</strong></span> <span class='ocrx_word' id='word_1_218' title='bbox 1608 2527 1771 2604; x_wconf 88' lang='lat' dir='ltr'><strong>quasi</strong></span> <span class='ocrx_word' id='word_1_219' title='bbox 1808 2527 2185 2585; x_wconf 85' lang='lat' dir='ltr'><strong>communitas</strong></span> 
     </span>
     <span class='ocr_line' id='line_1_26' title="bbox 240 2612 2185 2696; baseline -0.002 -18"><span class='ocrx_word' id='word_1_220' title='bbox 240 2619 597 2679; x_wconf 77' lang='lat' dir='ltr'><strong>continetur:</strong></span> <span class='ocrx_word' id='word_1_221' title='bbox 647 2618 813 2696; x_wconf 83' lang='lat' dir='ltr'><strong>cujus</strong></span> <span class='ocrx_word' id='word_1_222' title='bbox 866 2623 1062 2695; x_wconf 37' lang='lat' dir='ltr'><strong>partes,</strong></span> <span class='ocrx_word' id='word_1_223' title='bbox 1105 2616 1260 2684; x_wconf 86' lang='lat' dir='ltr'><strong>duae,</strong></span> <span class='ocrx_word' id='word_1_224' title='bbox 1295 2612 1658 2694; x_wconf 86' lang='lat' dir='ltr'><strong>justitia,</strong></span> <span class='ocrx_word' id='word_1_225' title='bbox 1701 2614 1761 2672; x_wconf 91' lang='lat' dir='ltr'><strong>in</strong></span> <span class='ocrx_word' id='word_1_226' title='bbox 1800 2624 1916 2692; x_wconf 82' lang='lat' dir='ltr'><strong>qua</strong></span> <span class='ocrx_word' id='word_1_227' title='bbox 1958 2615 2185 2674; x_wconf 83' lang='lat' dir='ltr'><strong>virtutis</strong></span> 
     </span>
     <span class='ocr_line' id='line_1_27' title="bbox 239 2684 2308 2797; baseline -0.001 -30"><span class='ocrx_word' id='word_1_228' title='bbox 239 2708 517 2788; x_wconf 84' lang='lat' dir='ltr'><strong>splendor</strong></span> <span class='ocrx_word' id='word_1_229' title='bbox 543 2715 632 2766; x_wconf 89' lang='lat' dir='ltr'><strong>est</strong></span> <span class='ocrx_word' id='word_1_230' title='bbox 657 2706 951 2775; x_wconf 80' lang='lat' dir='ltr'><strong>maximus,</strong></span> <span class='ocrx_word' id='word_1_231' title='bbox 961 2687 1053 2782; x_wconf 70' lang='lat' dir='ltr'><strong>(ex</strong></span> <span class='ocrx_word' id='word_1_232' title='bbox 1074 2724 1195 2795; x_wconf 60' lang='lat'><strong>³13²?</strong></span> <span class='ocrx_word' id='word_1_233' title='bbox 1214 2705 1325 2767; x_wconf 61' lang='lat' dir='ltr'><strong>riri</strong></span> <span class='ocrx_word' id='word_1_234' title='bbox 1364 2705 1502 2764; x_wconf 92' lang='lat' dir='ltr'><strong>boni</strong></span> <span class='ocrx_word' id='word_1_235' title='bbox 1525 2703 1885 2763; x_wconf 78' lang='lat' dir='ltr'><strong>nominantur</strong></span> <span class='ocrx_word' id='word_1_236' title='bbox 1901 2684 2017 2797; x_wconf 33' lang='lat'><strong>{8³¹²</strong></span> <span class='ocrx_word' id='word_1_237' title='bbox 2051 2704 2185 2765; x_wconf 88' lang='lat' dir='ltr'><strong>huic</strong></span> <span class='ocrx_word' id='word_1_238' title='bbox 2251 2729 2308 2750; x_wconf 85' lang='lat'><strong>·-</strong></span> 
     </span>
     <span class='ocr_line' id='line_1_28' title="bbox 241 2788 2187 2878; baseline -0.001 -21"><span class='ocrx_word' id='word_1_239' title='bbox 241 2798 553 2878; x_wconf 85' lang='lat' dir='ltr'><strong>conjuncta</strong></span> <span class='ocrx_word' id='word_1_240' title='bbox 591 2797 903 2877; x_wconf 78' lang='lat' dir='ltr'><strong>benefic</strong></span> <span class='ocrx_word' id='word_1_241' title='bbox 922 2788 1171 2864; x_wconf 84' lang='lat' dir='ltr'><strong>entia,</strong></span> <span class='ocrx_word' id='word_1_242' title='bbox 1202 2813 1375 2873; x_wconf 90' lang='lat' dir='ltr'><strong>quam</strong></span> <span class='ocrx_word' id='word_1_243' title='bbox 1402 2792 1643 2853; x_wconf 86' lang='lat' dir='ltr'><strong>eandem</strong></span> <span class='ocrx_word' id='word_1_244' title='bbox 1668 2794 2187 2874; x_wconf 72' lang='lat' dir='ltr'><strong>velbenignitatem</strong></span> 
     </span>
     <span class='ocr_line' id='line_1_29' title="bbox 240 2875 1243 2967; baseline -0.003 -19"><span class='ocrx_word' id='word_1_245' title='bbox 240 2889 339 2948; x_wconf 79' lang='lat' dir='ltr'><strong>vel</strong></span> <span class='ocrx_word' id='word_1_246' title='bbox 363 2887 759 2947; x_wconf 81' lang='lat' dir='ltr'><strong>liberalitatem</strong></span> <span class='ocrx_word' id='word_1_247' title='bbox 786 2886 1066 2967; x_wconf 85' lang='lat' dir='ltr'><strong>appellari</strong></span> <span class='ocrx_word' id='word_1_248' title='bbox 1092 2875 1243 2945; x_wconf 79' lang='lat' dir='ltr'><strong>licet.</strong></span> 
     </span>
    </p>

    <p class='ocr_par' dir='ltr' id='par_1_4' title="bbox 237 2973 2253 3682">
     <span class='ocr_line' id='line_1_30' title="bbox 324 2973 2251 3055; baseline -0.002 -19"><span class='ocrx_word' id='word_1_249' title='bbox 324 2976 446 3036; x_wconf 77' lang='lat' dir='ltr'><strong>Sed</strong></span> <span class='ocrx_word' id='word_1_250' title='bbox 491 2976 831 3055; x_wconf 84' lang='lat' dir='ltr'><strong>justitiae</strong></span> <span class='ocrx_word' id='word_1_251' title='bbox 874 2976 1122 3053; x_wconf 88' lang='lat' dir='ltr'><strong>primum</strong></span> <span class='ocrx_word' id='word_1_252' title='bbox 1147 2992 1355 3034; x_wconf 86' lang='lat' dir='ltr'><strong>munus</strong></span> <span class='ocrx_word' id='word_1_253' title='bbox 1382 2980 1488 3045; x_wconf 84' lang='lat' dir='ltr'><strong>est,</strong></span> <span class='ocrx_word' id='word_1_254' title='bbox 1510 2982 1578 3034; x_wconf 90' lang='lat' dir='ltr'><strong>ut</strong></span> <span class='ocrx_word' id='word_1_255' title='bbox 1601 2993 1675 3034; x_wconf 90' lang='lat' dir='ltr'><strong>ne</strong></span> <span class='ocrx_word' id='word_1_256' title='bbox 1702 2975 1794 3033; x_wconf 88' lang='lat' dir='ltr'><strong>cui</strong></span> <span class='ocrx_word' id='word_1_257' title='bbox 1820 2973 1945 3053; x_wconf 84' lang='lat' dir='ltr'><strong>quis</strong></span> <span class='ocrx_word' id='word_1_258' title='bbox 1964 2980 2184 3043; x_wconf 85' lang='lat' dir='ltr'><strong>noceat,</strong></span> <span class='ocrx_word' id='word_1_259' title='bbox 2209 2981 2251 3034; x_wconf 77' lang='lat'><strong>2</strong></span> 
     </span>
     <span class='ocr_line' id='line_1_31' title="bbox 237 3064 2185 3144; baseline -0.001 -19"><span class='ocrx_word' id='word_1_260' title='bbox 237 3066 350 3125; x_wconf 82' lang='lat' dir='ltr'><strong>nisi</strong></span> <span class='ocrx_word' id='word_1_261' title='bbox 391 3066 689 3125; x_wconf 81' lang='lat' dir='ltr'><strong>lacessitus</strong></span> <span class='ocrx_word' id='word_1_262' title='bbox 731 3065 969 3144; x_wconf 83' lang='lat' dir='ltr'><strong>injuria;</strong></span> <span class='ocrx_word' id='word_1_263' title='bbox 1027 3064 1232 3124; x_wconf 89' lang='lat' dir='ltr'><strong>deinde</strong></span> <span class='ocrx_word' id='word_1_264' title='bbox 1271 3072 1340 3124; x_wconf 89' lang='lat' dir='ltr'><strong>ut</strong></span> <span class='ocrx_word' id='word_1_265' title='bbox 1375 3065 1771 3125; x_wconf 89' lang='lat' dir='ltr'><strong>communibus</strong></span> <span class='ocrx_word' id='word_1_266' title='bbox 1797 3083 1905 3143; x_wconf 88' lang='lat' dir='ltr'><strong>pro</strong></span> <span class='ocrx_word' id='word_1_267' title='bbox 1932 3084 2185 3123; x_wconf 90' lang='lat' dir='ltr'><strong>commu·</strong></span> 
     </span>
     <span class='ocr_line' id='line_1_32' title="bbox 239 3153 2247 3234; baseline -0.001 -20"><span class='ocrx_word' id='word_1_268' title='bbox 239 3156 411 3216; x_wconf 86' lang='lat' dir='ltr'><strong>nibus</strong></span> <span class='ocrx_word' id='word_1_269' title='bbox 454 3162 667 3223; x_wconf 77' lang='lat' dir='ltr'><strong>utatur,</strong></span> <span class='ocrx_word' id='word_1_270' title='bbox 695 3155 928 3234; x_wconf 62' lang='lat' dir='ltr'><strong>privatis</strong></span> <span class='ocrx_word' id='word_1_271' title='bbox 983 3162 1051 3214; x_wconf 89' lang='lat' dir='ltr'><strong>ut</strong></span> <span class='ocrx_word' id='word_1_272' title='bbox 1097 3155 1231 3214; x_wconf 77' lang='lat' dir='ltr'><strong>suis,</strong></span> <span class='ocrx_word' id='word_1_273' title='bbox 1316 3155 1466 3214; x_wconf 83' lang='lat' dir='ltr'><strong>Sunt</strong></span> <span class='ocrx_word' id='word_1_274' title='bbox 1509 3162 1702 3213; x_wconf 87' lang='lat' dir='ltr'><strong>autem</strong></span> <span class='ocrx_word' id='word_1_275' title='bbox 1750 3154 1973 3231; x_wconf 85' lang='lat' dir='ltr'><strong>privata</strong></span> <span class='ocrx_word' id='word_1_276' title='bbox 2025 3153 2182 3211; x_wconf 89' lang='lat' dir='ltr'><strong>nulla</strong></span> <span class='ocrx_word' id='word_1_277' title='bbox 2211 3160 2247 3212; x_wconf 84' lang='lat'>3</span> 
     </span>
     <span class='ocr_line' id='line_1_33' title="bbox 239 3242 2188 3323; baseline -0.002 -20"><span class='ocrx_word' id='word_1_278' title='bbox 239 3253 465 3315; x_wconf 82' lang='lat' dir='ltr'><strong>natura,</strong></span> <span class='ocrx_word' id='word_1_279' title='bbox 506 3244 612 3304; x_wconf 87' lang='lat' dir='ltr'><strong>sed</strong></span> <span class='ocrx_word' id='word_1_280' title='bbox 668 3252 797 3307; x_wconf 22' lang='lat' dir='ltr'><strong>aut.</strong></span> <span class='ocrx_word' id='word_1_281' title='bbox 824 3252 1016 3304; x_wconf 84' lang='lat' dir='ltr'><strong>vetere</strong></span> <span class='ocrx_word' id='word_1_282' title='bbox 1076 3245 1468 3323; x_wconf 88' lang='lat' dir='ltr'><strong>occupatione,</strong></span> <span class='ocrx_word' id='word_1_283' title='bbox 1509 3251 1578 3301; x_wconf 89' lang='lat' dir='ltr'><strong>ut</strong></span> <span class='ocrx_word' id='word_1_284' title='bbox 1633 3243 1731 3319; x_wconf 89' lang='lat' dir='ltr'><strong>qui</strong></span> <span class='ocrx_word' id='word_1_285' title='bbox 1787 3242 2075 3318; x_wconf 86' lang='lat' dir='ltr'><strong>quondam</strong></span> <span class='ocrx_word' id='word_1_286' title='bbox 2129 3242 2188 3300; x_wconf 91' lang='lat' dir='ltr'><strong>in</strong></span> 
     </span>
     <span class='ocr_line' id='line_1_34' title="bbox 240 3322 2189 3410; baseline -0.002 -16"><span class='ocrx_word' id='word_1_287' title='bbox 240 3353 429 3394; x_wconf 83' lang='lat' dir='ltr'><strong>vacua</strong></span> <span class='ocrx_word' id='word_1_288' title='bbox 467 3340 775 3402; x_wconf 80' lang='lat' dir='ltr'><strong>venerunt3</strong></span> <span class='ocrx_word' id='word_1_289' title='bbox 817 3342 918 3392; x_wconf 88' lang='lat' dir='ltr'><strong>aut</strong></span> <span class='ocrx_word' id='word_1_290' title='bbox 955 3322 1207 3402; x_wconf 52' lang='lat' dir='ltr'><strong>&#39;victoria‚</strong></span> <span class='ocrx_word' id='word_1_291' title='bbox 1235 3340 1304 3391; x_wconf 90' lang='lat' dir='ltr'><strong>ut</strong></span> <span class='ocrx_word' id='word_1_292' title='bbox 1342 3332 1442 3410; x_wconf 88' lang='lat' dir='ltr'><strong>qui</strong></span> <span class='ocrx_word' id='word_1_293' title='bbox 1479 3332 1631 3390; x_wconf 87' lang='lat' dir='ltr'><strong>bello</strong></span> <span class='ocrx_word' id='word_1_294' title='bbox 1671 3329 1839 3408; x_wconf 90' lang='lat' dir='ltr'><strong>potiti</strong></span> <span class='ocrx_word' id='word_1_295' title='bbox 1879 3336 2046 3399; x_wconf 80' lang='lat' dir='ltr'><strong>sunt3</strong></span> <span class='ocrx_word' id='word_1_296' title='bbox 2085 3338 2189 3390; x_wconf 88' lang='lat' dir='ltr'><strong>aut</strong></span> 
     </span>
     <span class='ocr_line' id='line_1_35' title="bbox 239 3421 2187 3502; baseline -0.002 -20"><span class='ocrx_word' id='word_1_297' title='bbox 239 3423 392 3502; x_wconf 87' lang='lat' dir='ltr'><strong>lege,</strong></span> <span class='ocrx_word' id='word_1_298' title='bbox 436 3423 713 3501; x_wconf 84' lang='lat' dir='ltr'><strong>pactione,</strong></span> <span class='ocrx_word' id='word_1_299' title='bbox 756 3423 1093 3491; x_wconf 90' lang='lat' dir='ltr'><strong>conditione,</strong></span> <span class='ocrx_word' id='word_1_300' title='bbox 1136 3429 1307 3481; x_wconf 85' lang='lat' dir='ltr'><strong>sorte.</strong></span> <span class='ocrx_word' id='word_1_301' title='bbox 1367 3421 1479 3483; x_wconf 82' lang='lat' dir='ltr'><strong>&#39;Ex</strong></span> <span class='ocrx_word' id='word_1_302' title='bbox 1520 3440 1635 3499; x_wconf 91' lang='lat' dir='ltr'><strong>quo</strong></span> <span class='ocrx_word' id='word_1_303' title='bbox 1681 3421 1763 3487; x_wconf 82' lang='lat' dir='ltr'><strong>fit,</strong></span> <span class='ocrx_word' id='word_1_304' title='bbox 1791 3427 1859 3501; x_wconf 85' lang='lat' dir='ltr'><strong>ut</strong></span> <span class='ocrx_word' id='word_1_305' title='bbox 1896 3437 2035 3499; x_wconf 85' lang='lat' dir='ltr'><strong>ager</strong></span> <span class='ocrx_word' id='word_1_306' title='bbox 2072 3421 2187 3479; x_wconf 84' lang='lat' dir='ltr'><strong>Ar·</strong></span> 
     </span>
     <span class='ocr_line' id='line_1_36' title="bbox 242 3510 2187 3592; baseline 0 -21"><span class='ocrx_word' id='word_1_307' title='bbox 242 3513 408 3592; x_wconf 87' lang='lat' dir='ltr'><strong>pinas</strong></span> <span class='ocrx_word' id='word_1_308' title='bbox 449 3512 816 3591; x_wconf 83' lang='lat' dir='ltr'><strong>Arpinatium</strong></span> <span class='ocrx_word' id='word_1_309' title='bbox 856 3513 1095 3581; x_wconf 83' lang='lat' dir='ltr'><strong>dicatur,</strong></span> <span class='ocrx_word' id='word_1_310' title='bbox 1124 3512 1480 3571; x_wconf 84' lang='lat' dir='ltr'><strong>Tusculanus</strong></span> <span class='ocrx_word' id='word_1_311' title='bbox 1517 3510 1995 3569; x_wconf 84' lang='lat' dir='ltr'><strong>Tusculanorum:</strong></span> <span class='ocrx_word' id='word_1_312' title='bbox 2038 3510 2187 3571; x_wconf 82' lang='lat' dir='ltr'><strong>simi-</strong></span> 
     </span>
     <span class='ocr_line' id='line_1_37' title="bbox 242 3600 2253 3682; baseline -0.002 -21"><span class='ocrx_word' id='word_1_313' title='bbox 242 3601 428 3681; x_wconf 87' lang='lat' dir='ltr'><strong>lisque</strong></span> <span class='ocrx_word' id='word_1_314' title='bbox 454 3608 545 3662; x_wconf 87' lang='lat' dir='ltr'><strong>est</strong></span> <span class='ocrx_word' id='word_1_315' title='bbox 570 3603 920 3682; x_wconf 76' lang='lat' dir='ltr'><strong>privatarum</strong></span> <span class='ocrx_word' id='word_1_316' title='bbox 944 3601 1365 3682; x_wconf 83' lang='lat' dir='ltr'><strong>possessionum</strong></span> <span class='ocrx_word' id='word_1_317' title='bbox 1392 3600 1716 3680; x_wconf 87' lang='lat' dir='ltr'><strong>descriptio.</strong></span> <span class='ocrx_word' id='word_1_318' title='bbox 1795 3600 1886 3658; x_wconf 86' lang='lat' dir='ltr'><strong>Ex</strong></span> <span class='ocrx_word' id='word_1_319' title='bbox 1911 3619 2027 3680; x_wconf 90' lang='lat' dir='ltr'><strong>quo</strong></span> <span class='ocrx_word' id='word_1_320' title='bbox 2054 3601 2188 3679; x_wconf 87' lang='lat' dir='ltr'><strong>quia</strong></span> <span class='ocrx_word' id='word_1_321' title='bbox 2213 3604 2253 3657; x_wconf 81' lang='lat'>4</span> 
     </span>
    </p>

    <p class='ocr_par' dir='ltr' id='par_1_5' title="bbox 1253 3695 1290 3747">
     <span class='ocr_line' id='line_1_38' title="bbox 1253 3695 1290 3747; baseline 0 0"><span class='ocrx_word' id='word_1_322' title='bbox 1253 3695 1290 3747; x_wconf 84' lang='lat'><em>2</em></span> 
     </span>
    </p>
   </div>
  </div>
 </body>
</html>
