2592 4142
958 258 1141 299 armna
1164 260 1229 301 11.
1312 258 1446 301 on».
1475 259 1534 301 v.
2184 245 2259 306 01
2356 311 2365 318 ,

97 349 134 404 ’3'
225 395 290 449 et
313 387 429 469 ,φή
466 386 749 470 Ρήηοῇρθε
787 387 1104 448 inveniendi
1139 389 1388 458 fuerunt,·
1417 408 1607 469 quem
1629 407 1707 454 ex
1738 407 1962 466 quaque
1990 387 2162 449 belua

226 498 401 537 usum
427 471 644 554 habere
668 483 981 556 possemus,
1004 478 1258 539 homines
1279 486 1432 538 certe
1457 480 1718 537 fuerunt:
1744 497 1853 538 nec
1879 479 1989 537 hoc
2015 481 2161 537 tem-

227 587 368 647 pore
409 569 530 627 sine
568 568 875 628 hominum
899 587 1076 645 opera
1101 576 1203 627 aut
1243 588 1475 647 pascere
1513 588 1642 638 cass
1657 576 1759 626 aut
1784 569 2031 638 domare,
2059 575 2162 627 aut

226 657 392 727 tueri,
416 665 517 716 aut
534 658 904 736 tempestivos
930 645 1150 717 fructus
1170 677 1243 716 ex
1267 658 1357 717 his
1378 678 1581 737 capere
1601 677 1930 737 possemus:
1959 659 2034 717 ab
2056 658 2161 718 eis·

227 748 480 825 demque
520 754 581 805 et
619 766 720 815 eae,
749 766 883 825 quae
924 754 1147 816 nocent,
1176 748 1598 816 interficiuntur,
1629 756 1688 807 et
1714 766 1846 827 quae
1870 748 2000 806 usui
2026 767 2157 826 pos-

226 843 364 895 sunt
392 856 534 910 esse,
564 837 877 914 capiuntur.
942 837 1113 907 Quid
1140 856 1465 896 enumerem
1492 838 1699 897 artium
1720 837 2158 906 multitudinem,
2188 842 2225 896 6

227 926 350 984 sine
375 925 585 1003 quibus
623 926 741 984 vita
778 926 1003 985 omnino
1048 928 1208 986 nulla
1246 941 1373 985 esse
1385 926 1738 1005 potuisset?
1821 928 1972 997 Quid
2013 928 2161 986 enim

228 1015 400 1094 aegris
440 1015 782 1088 subveniret,
812 1035 945 1093 quae
983 1022 1136 1075 esset
1171 1016 1477 1074 oblectatio
1501 1017 1825 1085 valentium,
1857 1017 1953 1094 qui
1978 1016 2192 1076 victus

225 1112 332 1163 aut
371 1105 578 1173 cultus,
606 1103 712 1163 nisi
748 1113 869 1163 tam
905 1106 1109 1166 multae
1151 1106 1313 1165 nobis
1349 1112 1500 1164 artes
1536 1106 1926 1175 ministrarent,
1956 1107 2161 1183 quibus

225 1195 403 1258 rebus
430 1194 657 1252 exculta
678 1194 974 1257 hominum
994 1195 1112 1253 vita
1137 1202 1363 1253 tantum
1382 1196 1557 1254 distat
1575 1215 1610 1253 a
1629 1196 1785 1254 victu
1805 1204 1863 1254 et
1883 1196 2042 1256 cultu
2059 1196 2157 1254 be-

226 1284 505 1342 stiarum.
483 1285 547 1325 9
565 1284 781 1343 Urbes
806 1303 945 1343 vero
986 1285 1106 1343 sine
1150 1284 1443 1344 hominum
1488 1292 1648 1344 ccetu
1687 1305 1802 1344 non
1845 1285 2160 1368 potuissent
2190 1285 2225 1345 '7

224 1392 333 1431 nec
374 1351 661 1454 aedificari,
688 1392 794 1435 nec
833 1374 1214 1464 frequentari:
1256 1391 1328 1431 ex
1354 1394 1470 1452 quo
1498 1374 1662 1458 leges
1702 1394 2000 1453 moresque
2027 1395 2158 1435 con·

225 1462 430 1531 stituti,
456 1470 595 1521 ιιιιιι
604 1462 747 1541 juris
775 1482 944 1541 aequa
967 1454 1271 1543 descriptio
1296 1472 1582 1543 certaque
1590 1465 1815 1524 vivendi
1841 1464 2154 1544 disciplina.

227 1554 390 1624 Quas
422 1571 514 1611 res
549 1559 609 1611 et
646 1543 1025 1628 mansuetudo
1062 1554 1376 1613 animorum
1409 1562 1712 1616 consecuta
1737 1561 1797 1614 et
1823 1555 2159 1614 verecundia
2188 1561 2225 1614 8

226 1651 355 1703 est:
400 1642 793 1720 effectumque,
821 1649 888 1701 ut
921 1647 1081 1701 esset
1117 1644 1235 1703 vita
1272 1644 1555 1714 munitior,
1583 1650 1759 1723 atque
1791 1652 1858 1703 ut
1884 1645 2073 1704 dando
2100 1652 2161 1703 et

225 1732 561 1811 accipiendo
577 1732 981 1848 mutandisque
999 1732 1366 1793 facultatibus
1387 1741 1447 1792 et
1466 1734 1891 1793 commodandis
1914 1735 2074 1836 nulla
2096 1753 2175 1792 re

226 1840 547 1902 egeremus.
1167 1854 1183 1864 Ἰ
1332 1865 1337 1872 1

305 2001 385 2060 V.
416 1997 737 2079 Longiores
773 1982 886 2060 hoc
925 2000 1053 2060 loco
1093 2019 1309 2071 sumuS,
1350 2019 1524 2104 quam
1561 2018 1794 2061 necesse
1832 2006 1938 2060 est.
2020 2001 2160 2085 Quis

226 2097 319 2151 est
358 2089 526 2158 enim,
556 2090 646 2148 cui
682 2109 797 2149 non
836 2081 1138 2169 perspicua
1176 2091 1288 2149 sint
1325 2090 1437 2159 illa,
1467 2093 1600 2169 q‘uae
1629 2091 1886 2170 pluribus
1912 2092 2098 2151 verbis
2125 2110 2162 2148 a

224 2173 486 2239 Panoefio
525 2187 1053 2264 commemorantur,
1084 2176 1365 2240 neminem
1402 2200 1597 2260 neque
1628 2181 1865 2241 ducem
1874 2182 2009 2241 belli
2053 2201 2160 2241 nec

226 2269 545 2348 principem
568 2268 727 2327 domi
764 2259 1003 2348 magnas
1041 2289 1134 2328 res
1177 2278 1236 2329 et
1271 2259 1547 2331 salutares
1574 2272 1693 2331 sine
1718 2272 2019 2331 hominum
2039 2279 2157 2340 stu-

223 2360 337 2418 diis
376 2376 574 2438 gerere
614 2358 912 2436 potuisse?
994 2359 1489 2430 Commemoratur
1521 2363 1597 2421 ab
1632 2381 1702 2421 eo
1733 2362 2156 2432 Themistocles,
2187 2368 2222 2421 2

225 2448 498 2516 Pericles,
522 2448 727 2527 Cyrus,
754 2448 1081 2527 Agesilaus,
1101 2450 1452 2520 Alexander,
1476 2470 1621 2529 quos
1646 2459 1821 2531 negat
1847 2453 1967 2510 sine
1994 2451 2158 2529 adju-

227 2537 437 2597 mentis
480 2537 772 2596 hominum
814 2543 1003 2604 tantas
1041 2557 1134 2597 res
1177 2540 1398 2612 efficere
1437 2541 1710 2620 potuisse.
1791 2540 2028 2598 Utitur
2013 2560 2071 2634 m
2095 2559 2158 2598 re

225 2647 347 2686 non
373 2627 548 2688 dubia
572 2627 814 2686 testibus
839 2645 955 2684 non
979 2629 1323 2686 necessariis.
1384 2665 1389 2670 ·
1662 2653 1675 2658 ·

309 2717 511 2793 Atque
548 2722 617 2775 ut
652 2734 891 2795 magnas
919 2714 1201 2798 utilitates
1228 2716 1592 2794 adipiscimur
1606 2711 2028 2795 conspiratione
2055 2717 2157 2777 ho·
2186 2724 2223 2777 3

227 2806 449 2868 minum
477 2813 649 2883 atque
668 2823 983 2864 consensu:
1024 2805 1106 2864 sic
1131 2804 1287 2865 nulla
1315 2813 1436 2864 tam
1461 2803 1827 2867 detestabilis
1847 2809 2022 2887 pestis
2048 2816 2155 2878 est,

230 2915 366 2974 quse
408 2914 524 2954 non
559 2895 771 2953 homini
794 2896 870 2953 ab
896 2895 1123 2953 homine
1148 2897 1429 2956 nascatur.
1511 2896 1621 2956 Est
1656 2898 1978 2958 Dicaearchi
2001 2900 2159 2959 liber
2184 2904 2224 2958 4

230 2985 307 3043 de
332 2984 566 3044 interitu
589 2973 901 3053 hominum,
928 2984 1137 3133 Peria
1316 3005 1410 3044 ma
1491 2987 1593 3045 et
1619 2989 1868 3066 copiosi·
1915 2989 2013 3066 qui
2039 2990 2154 3048 col-

228 3073 396 3133 lectis
436 3073 636 3132 ceteris
679 3074 880 3143 causis,
925 3075 1020 3133 elu
1020 2986 1298 3154 Vssffss
1424 3077 1610 3146 entiae,
1638 3078 1933 3146 vastitatis,
1962 3078 2157 3137 belua-

228 3183 362 3222 rum
375 3163 548 3224 etiam
565 3163 877 3242 repentinae
895 3164 1287 3234 multitudinis,
1305 3185 1545 3243 quarum
1568 3166 1789 3243 impetu
1809 3167 1978 3225 docet
1997 3186 2157 3244 quae-

230 3252 372 3311 dam
413 3251 705 3311 hominum
744 3271 956 3332 genera
995 3269 1120 3313 esse
1167 3263 1504 3334 consumpta
1524 3274 1547 3326 3·
1593 3254 1798 3318 demde
1845 3262 2156 3332 comparat,

228 3348 451 3422 quanto
494 3340 684 3420 plures
718 3342 893 3401 deleti
934 3343 1047 3402 sint
1084 3343 1342 3403 homines
1367 3344 1659 3418 hominum
1685 3344 1922 3421 impetu,
1951 3342 2012 3403 id
2050 3351 2156 3414 est,

228 3431 397 3492 benis
423 3438 527 3490 aut
553 3431 935 3502 seditionibus,
964 3452 1136 3511 quam
1161 3433 1315 3492 omni
1339 3433 1556 3511 reliqua
1582 3432 1916 3493 calamitate.
1952 3447 1963 3470 ³

313 3598 469 3660 Cum
508 3598 683 3679 igitur
721 3598 817 3662 hic
858 3600 1019 3661 locus
1056 3600 1195 3664 nihil
1237 3601 1450 3690 habeat
1474 3601 1857 3672 dubitationiS,
1885 3601 2022 3683 quin
2054 3601 2157 3662 ho·
2185 3610 2223 3665 5

805 3693 812 3698 .
1222 3695 1261 3751 6
1337 3704 1344 3710 ,
