2592 4142
306 225 384 283 2⁶
1131 243 1209 283 nn
1237 240 1493 283 omens
1535 295 1542 303 ,

344 372 384 430 6
488 368 930 451 Intelligendum
974 377 1065 431 est
1112 360 1329 440 autem,
1385 362 1520 430 cum
1587 370 1881 451 proposita
1946 370 2059 429 sint
2122 387 2336 449 genera

408 466 695 538 quattuor,
725 479 799 519 ex
823 461 1030 539 quibus
1067 462 1339 520 honestas
1383 461 1741 539 officiumque
1783 468 2056 530 manaret,
2084 460 2332 539 splendi-

407 549 911 619 dissimumvideri,
932 550 1088 629 quod
1114 550 1360 609 animo
1397 569 1666 629 magno
1702 550 2067 628 elatoque
2092 551 2376 617 humans

342 637 379 698 7
407 657 584 717 aeque
610 658 701 698 res
727 639 1072 718 despiciente
1109 640 1327 698 factum
1355 640 1444 698 sit.
1528 641 1733 719 Itaque
1758 640 1817 698 in
1842 640 2063 718 probris
2087 640 2332 703 maximo

302 749 311 756 ·
402 728 463 788 in
486 736 760 808 promptu
784 735 888 798 est,
918 729 967 788 si
991 729 1128 808 quid
1154 729 1269 788 tale
1295 729 1409 788 dici
1433 736 1657 807 potest:
1861 720 1865 725 ’

587 861 695 921 Vos
719 865 930 933 etenim,
943 863 1188 938 juvcmes,
1216 863 1472 922 animum
1491 863 1684 938 yeritis
1709 856 2047 932 muliebrem,

578 952 693 1013 Illa
717 954 909 1028 viv-ayo
933 954 1062 1013 viri.
1104 1027 1109 1033 .

400 1086 479 1148 Et
503 1085 552 1147 si
575 1086 713 1169 quid
739 1085 1048 1166 ejusmodi:

579 1221 851 1289 Salmonei,
882 1220 958 1276 da
983 1219 1179 1294 spolia,
1208 1218 1325 1275 sine
1349 1217 1547 1276 sudore
1570 1225 1621 1277 et
1648 1217 1930 1293 sanquine.
1971 1284 1978 1289 ,

339 1360 377 1413 8
406 1353 732 1430 Contraque
774 1352 832 1410 in
873 1349 1156 1418 laudibus,
1184 1368 1317 1427 quae
1355 1369 1566 1429 magno
1592 1350 1777 1427 animo
1801 1349 2023 1410 fortiter
2050 1352 2331 1413 excellen-

403 1448 604 1519 terque
649 1447 814 1520 gesta
858 1445 1009 1506 sunt,
1052 1457 1120 1496 ea
1162 1439 1352 1507 nescio
1398 1440 1683 1518 quomodo
1729 1439 1889 1518 quasi
1934 1438 2182 1518 pleniore
2229 1461 2332 1502 ore

242 1564 249 1571 ·
339 1536 375 1591 9
403 1530 719 1589 laudamus,
802 1528 950 1587 Hinc
976 1528 1271 1588 rhetorum
1301 1547 1537 1607 campus
1558 1529 1631 1587 de
1650 1529 1999 1598 Marathone,
2023 1529 2328 1602 Salamine,

402 1618 657 1687 Plataeis,
702 1617 1116 1696 Thermopylis,
1159 1618 1451 1677 Leuctris:
1509 1620 1641 1677 hinc
1693 1624 1885 1677 noster
1931 1618 2151 1686 CocleS,
2195 1619 2330 1679 hinc

314 1714 321 1721 ’
404 1707 582 1777 Decii,
608 1708 739 1766 hinc
770 1708 988 1769 Gnaeus
1028 1714 1089 1766 et
1125 1708 1367 1767 Publius
1394 1708 1704 1786 ScipioneS,
1732 1707 1863 1766 hinc
1892 1707 1973 1766 Μ.
2002 1707 2327 1779 Mamellus,

401 1798 834 1859 innumerabiles
860 1797 988 1855 alii·
1030 1797 1385 1876 maximeque
1409 1798 1534 1876 ipse
1561 1798 1810 1877 populus
1830 1799 2121 1858 Romanus
2157 1798 2330 1859 animi

401 1888 790 1967 magnitudine
811 1885 1048 1946 excellit.
1107 1887 1443 1946 Declaratur
1461 1893 1655 1945 autem
1681 1886 1934 1948 studium
1953 1887 2172 1948 bellicae
2200 1888 2328 1968 glo·

403 1978 521 2049 rim,
550 1978 707 2058 quod
733 1984 950 2040 statuas
975 1995 1201 2057 quoque
1226 1975 1485 2036 videmus
1512 1983 1719 2036 ornatu
1741 1976 1861 2035 fere
1886 1977 2125 2039 militari.
2313 1998 2318 2005 ·

484 2157 645 2216 XIX.
688 2156 805 2215 Sed
832 2173 902 2214 ea
926 2154 1097 2215 animi
1115 2154 1303 2223 elatiO,
1320 2168 1453 2233 quae
1472 2154 1751 2213 cernitur
1734 2173 1793 2212 m
1811 2155 2073 2234 periculis
2093 2163 2154 2216 et
2170 2156 2328 2217 labo-

405 2247 580 2316 ribus,
609 2247 657 2304 si
693 2244 915 2324 justitia
939 2250 1123 2313 vacat,
1150 2251 1484 2345 pugnatque
1526 2262 1641 2303 non
1678 2263 1785 2321 pro
1811 2245 1996 2305 salute
2024 2247 2327 2317 communi,

407 2336 519 2395 sed
559 2354 666 2414 pro
707 2334 822 2392 suis
871 2332 1198 2402 commodis,
1224 2332 1282 2391 in
1319 2333 1457 2391 vitio
1498 2339 1603 2392 est.
1684 2334 1819 2393 Non
1863 2335 2011 2393 enim
2052 2336 2226 2395 modo
2267 2335 2330 2395 id

406 2414 629 2484 virtutis
654 2442 767 2485 non
793 2430 897 2491 est,
926 2422 1031 2481 sed
1070 2429 1159 2481 est
1196 2423 1387 2501 potius
1413 2422 1791 2492 immanitatis,
1819 2430 2045 2482 omnem
2073 2424 2328 2483 humani-

346 2521 380 2576 2
407 2522 588 2576 tatem
600 2512 940 2592 repellentis.
1020 2512 1227 2590 Itaque
1254 2513 1439 2590 probe
1460 2510 1723 2571 definitur
1748 2531 1785 2569 a
1804 2512 2010 2571 Stoicis
2034 2514 2330 2583 fortitudo,

408 2622 540 2664 cum
564 2622 692 2662 eam
717 2602 985 2671 virtutem
1024 2620 1150 2659 esse
1189 2601 1387 2661 dicunt
1426 2609 1885 2680 propugnantem
1911 2621 2017 2679 pro
2044 2604 2329 2681 aequitate.

343 2701 379 2754 3
410 2694 687 2763 Quocirca
723 2710 908 2760 neme,
948 2692 1046 2768 qui
1070 2691 1415 2751 fortitudinis
1453 2690 1692 2770 gloriam
1722 2697 2058 2749 consecutus
2085 2699 2174 2750 est
2199 2692 2329 2751 insi·

409 2782 519 2840 diis
556 2790 616 2839 et
652 2781 881 2848 malitia,
921 2780 1149 2838 laudem
1187 2787 1277 2839 est
1324 2781 1585 2859 adeptus·
1668 2780 1826 2838 Nihil
1863 2779 2166 2839 honestum
2205 2800 2331 2841 esse

344 2877 383 2930 4
411 2876 623 2950 potest,
635 2869 790 2946 quod
812 2869 1033 2947 justitia
1051 2876 1236 2929 vacat.
1316 2869 1665 2929 Praeclarum
1690 2869 1865 2948 igitur
1889 2869 2031 2928 illud
2055 2868 2328 2931 Platonis.

409 2960 545 3019 Non
584 2958 801 3026 solum,
847 2958 1045 3036 inquit,
1087 2958 1336 3027 scientia,
1386 2977 1519 3036 quae
1566 2966 1657 3018 est
1706 2966 1927 3017 remota
1966 2960 2041 3017 ab
2091 2960 2330 3037 justitia,

408 3049 685 3108 calliditas
711 3049 917 3125 potius,
939 3066 1113 3124 quam
1137 3047 1412 3125 sapientia
1430 3056 1520 3106 est
1544 3047 1916 3127 appellanda:
1944 3066 2143 3106 verum
2160 3050 2332 3108 etiam

409 3138 629 3197 animus
657 3132 891 3240 paratus
917 3137 993 3194 ad
1030 3137 1362 3213 periculum,
1391 3137 1437 3195 si
1465 3156 1569 3195 sua
1596 3138 1923 3216 cupiditate,
1951 3155 2064 3194 non
2090 3137 2332 3197 utilitate

410 3227 698 3289 communi
740 3226 1066 3305 impellitur,
1094 3226 1349 3285 audaciae
1399 3227 1588 3306 potius
1635 3245 1844 3286 nomen
1889 3226 2118 3293 habeat,
2161 3246 2333 3303 quam

347 3325 380 3383 5
409 3317 770 3375 fortitudinis.
815 3317 1019 3393 Itaque
1035 3315 1184 3374 viros
1212 3317 1389 3374 fortes
1410 3322 1470 3374 et
1488 3315 1877 3417 magnanimos
1898 3314 2132 3372 eosdem
2154 3315 2334 3374 bonos

412 3413 472 3464 et
510 3405 810 3484 simplice&
840 3405 1091 3463 veritatis
1129 3405 1341 3464 amicos
1380 3404 1716 3481 minimeque
1755 3405 1987 3463 fallaces
2022 3421 2149 3462 esse
2176 3405 2334 3464 volu·

347 3500 383 3561 6
411 3512 574 3565 mus:
615 3513 746 3570 quae
776 3500 908 3551 sunt
927 3513 998 3551 ex
1023 3490 1211 3555 media
1237 3493 1409 3555 laude
1430 3493 1684 3571 justitiae.
1767 3494 1887 3553 Sed
1911 3495 2053 3554 illud
2075 3494 2339 3553 odiosum

408 3588 518 3659 est,
545 3582 743 3660 quo&
728 3601 785 3645 ιιι
811 3582 920 3641 hac
947 3582 1185 3647 elatione
1212 3588 1274 3643 et
1298 3582 1685 3660 magnitudine
1710 3583 1880 3648 animi
1917 3583 2181 3647 facillime
2208 3599 2337 3661 per-
