2592 4142
991 235 1166 276 ιιιιιιι
1189 235 1232 276 ι.
1315 224 1449 277 on.
1480 235 1561 277 ιιι.
2220 222 2295 280 1⁸

247 348 479 435 Quibus
522 363 698 425 rebus
744 361 1013 424 effectum
1059 371 1169 435 est,
1204 368 1274 425 ut
1326 364 1544 425 infinite
1579 365 1855 445 ‘pecuniae
1900 364 2189 446 cupiditas

128 452 133 456 ’
249 462 422 516 esset.
480 455 634 515 -Nee
673 473 811 514 vero
848 455 931 514 rei
971 455 1259 517 familiaris
1292 456 1685 560 amplificatio,
1711 456 1919 516 nemini
1956 472 2184 526 nocens,
2215 460 2256 515 4

249 545 634 624 vituperanda
657 552 776 604 θεὴ.
810 545 922 604 sed
960 545 1243 625 fugienda
1257 566 1487 625 semper
1523 546 1728 626 injuria
1755 554 1861 608 est.
1942 546 2190 608 Maxime
2216 554 2253 608 5

249 643 450 697 antem
487 636 855 695 adducuntur
896 635 1171 715 plerique,
1207 644 1276 696 ut
1314 657 1414 697 eos
1451 637 1690 717 justitiae
1736 636 1927 717 capiat
1963 637 2224 715 oblivio,

250 746 390 795 cum
414 726 475 784 in
499 725 881 805 imperiorum,
902 722 1200 797 honorum,
1222 727 1422 807 gloriae
1448 727 1821 807 cupiditatem
1852 727 2189 788 inciderunt.
2203 696 2292 765 ’ἦ
2305 696 2334 755 ‘⁴
2383 708 2428 729 '⁸'

251 816 435 885 Quod
461 816 613 877 enim
637 822 728 875 est
752 816 911 896 apud
936 816 1202 887 Ennium,
1776 877 1782 883 .
2217 822 2257 879 6

966 944 1138 1002 nulla
1164 951 1358 1002 sancta
1383 943 1623 1016 societas,
1733 930 1738 937 ’

894 1050 988 1095 neo
1001 1034 1153 1111 fides
1177 1035 1336 1110 ray-ni
1360 1042 1485 1109 θείς

249 1163 314 1226 id
340 1162 513 1224 latius
531 1171 712 1244 patet..
791 1164 947 1224 Nam
973 1164 1244 1245 quicquid
1270 1165 1556 1245 ejusmodi
1573 1163 1716 1255 θεὴ,
1698 1184 1758 1225 ιιι
1781 1172 1898 1245 q'uo
1922 1185 2037 1226 non
2062 1184 2195 1246 pos-

251 1255 372 1315 sint
396 1255 593 1333 plures
618 1252 960 1324 excellere,
943 1274 1004 1313 m
1040 1270 1112 1314 eo
1154 1256 1220 1314 fit
1240 1256 1584 1334 plerumque
1609 1262 1773 1315 tanta
1799 1256 2101 1325 contentio,
2126 1262 2198 1317 ut

252 1345 645 1406 difficillimum
683 1344 758 1404 sit
795 1360 1020 1404 servare
1056 1353 1317 1407 sanctem
1343 1346 1689 1406 societatem.
1770 1345 2097 1406 Declaravit
2132 1346 2194 1407 id
2223 1345 2260 1407 ’1

251 1435 432 1496 modo
458 1422 744 1498 temeritas
772 1434 839 1494 Ο.
872 1434 1135 1505 Caesaris,
1163 1436 1263 1514 qui
1288 1436 1478 1495 omnia
1497 1436 1634 1540 jura
1660 1436 1850 1496 divina
1883 1443 2060 1515 atque
2085 1437 2195 1496 hu-

251 1544 428 1585 mana
454 1524 728 1605 pervertit
753 1531 990 1604 propter
1014 1544 1166 1595 eum,
1195 1545 1368 1604 quem
1395 1526 1502 1586 sibi
1544 1527 1672 1605 ipse
1696 1526 1971 1606 opinionis
2006 1534 2198 1587 errore

252 1617 516 1684 finxerat,
544 1614 992 1718 principatum.
1020 1615 1128 1674 Est
1164 1624 1360 1675 autem
1386 1616 1445 1679 in
1470 1617 1583 1677 hoc
1622 1635 1831 1695 genere
1868 1617 2195 1686 molestum,
2224 1621 2263 1677 8

253 1705 459 1785 quod
442 1724 501 1763 ιιι
525 1705 784 1764 maximis
823 1704 1042 1769 animis
1061 1704 1644 1810 splendidisslmgsque
1682 1706 1922 1786 ingeniis
1945 1707 2195 1785 plerum·

254 1815 374 1875 que
411 1795 662 1855 existunt
699 1795 946 1864 honoris,
990 1794 1229 1874 imperii,
1275 1796 1570 1875 potentiae,
1595 1796 1794 1874 gloriae
1838 1797 2197 1874 cupiditates.

255 1887 392 1957 Quo
417 1885 631 1965 magis
626 1884 963 1947 cavendum
997 1893 1105 1955 est,
1135 1903 1208 1944 ne
1247 1885 1389 1963 quid
1435 1885 1494 1943 in
1540 1903 1611 1943 eo
1653 1903 1866 1963 genere
1909 1891 2195 1962 peccetur.
2226 1889 2263 1945 9

210 2048 221 2057 Ι
255 1975 419 2036 Sed
403 1995 463 2035 ιιι
500 1974 654 2034 οιιιιιί
691 1968 968 2054 injustitia
1008 1975 1361 2054 permultum
1397 1974 1651 2042 interest,
1678 1980 1874 2047 utrum
1900 1974 2199 2051 perturba·

253 2066 412 2126 tione
437 2065 626 2144 aliqua
648 2065 838 2135 animi,
867 2084 1004 2143 quae
1045 2065 1387 2144 plerumque
1427 2063 1613 2124 brevis
1639 2069 1731 2122 est
1757 2070 1818 2122 et
1844 2062 1921 2121 ad
1947 2069 2199 2142 tempus,

255 2175 334 2216 an
359 2157 621 2217 consulto
659 2163 720 2214 et
746 2156 1000 2236 cog-itata
1037 2156 1140 2214 fist
1177 2154 1399 2234 injuria.
1479 2153 1721 2213 Leviora
1759 2153 1907 2213 enim
1949 2160 2085 2212 sunt
2110 2172 2197 2224 ee,
2229 2159 2305 2214 10

254 2266 391 2325 quae
416 2246 715 2325 repentino
737 2245 925 2324 aliquo
950 2252 1114 2304 motu
1139 2245 1423 2315 accidunt,
1446 2263 1619 2323 quam
1646 2263 1732 2314 es,
1751 2264 1886 2323 quae
1924 2243 2202 2304 meditatu

255 2343 318 2397 et
362 2340 687 2415 praeparuta
724 2336 1058 2395 inferuntur.
1140 2335 1234 2395 Ac
1274 2336 1350 2395 de
1388 2335 1680 2399 inferenda
1720 2335 1953 2414 quidem
1993 2334 2200 2416 injuria

255 2426 397 2489 satis
422 2426 642 2487 dietum
666 2432 773 2485 est.
896 2430 901 2437 “

339 2607 445 2666 ΙΧ.
486 2604 1000 2666 Praetermittendae
1039 2612 1235 2665 autem
1274 2603 1635 2682 defensionis,
1667 2601 2079 2681 deserendique
2111 2603 2197 2663 of·-

258 2696 372 2756 ficii
413 2696 607 2776 plures
650 2696 836 2755 solent
889 2715 1014 2755 esse
1076 2713 1280 2754 causae,
1383 2694 1536 2752 Nam
1584 2701 1690 2751 aut
1727 2693 2057 2762 inimicitiaS,
2098 2701 2201 2753 aut

255 2787 531 2855 laborem,
559 2793 662 2845 aut
687 2793 952 2865 sumptus
978 2784 1269 2888 suscipere
1308 2783 1541 2853 nolunt,
1526 2803 1541 2818 ·
1583 2782 1685 2843 aut
1711 2784 1888 2843 etiam·
1908 2784 2199 2867 ‘negligen-

256 2878 359 2946 tia,
387 2875 631 2956 pigritia,
658 2877 890 2945 inertia3
931 2882 1034 2935 aut
1060 2875 1178 2934 suis
1204 2868 1408 2934 studiis
1450 2874 1793 2952 quibusdam
1819 2875 2199 2954 occupationi·

256 2968 442 3027 busve
468 2966 567 3026 sic
578 2966 981 3044 impediuntur,
1009 2972 1079 3024 ut
1104 2984 1219 3033 eos,
1248 2985 1395 3043 quos
1432 2966 1605 3033 tutari
1645 2966 1912 3034 debeant,
1941 2967 2199 3024 desertos

256 3058 387 3116 esse
430 3056 737 3135 patiantur.
820 3057 1025 3134 Itaque
1071 3055 1385 3115 videndum
1425 3063 1531 3125 est,
1559 3075 1631 3116 ne
1670 3075 1794 3116 non
1826 3055 1965 3114 satis
2006 3056 2080 3113 sit
2118 3055 2199 3123 id,
2227 3059 2264 3111 2

256 3147 417 3227 quod
444 3145 602 3225 apud
629 3146 928 3205 Platonem
948 3146 1070 3205 est
1054 3166 1113 3205 ιιι
1132 3146 1505 3225 philosophos
1531 3147 1780 3205 dictum:
1824 3143 2014 3221 quod
1998 3163 2057 3201 ιιι
2081 3143 2202 3202 veri

256 3236 690 3316 investigatione
738 3244 1047 3304 versentur,
1091 3235 1362 3314 quodque
1415 3255 1500 3302 ea,
1545 3254 1678 3312 quae
1725 3233 1985 3311 plerique
2028 3233 2202 3291 vehe—

256 3333 481 3385 menter
516 3333 806 3404 expetant,
832 3326 909 3385 de
936 3327 1144 3404 quibus
1179 3325 1328 3383 inter
1367 3340 1429 3382 se
1466 3322 1764 3402 digladiari
1799 3322 2035 3391 soleant,
2064 3340 2198 3380 con-

258 3418 522 3475 temnant
548 3423 607 3476 et
647 3435 756 3494 pro
793 3415 968 3475 nihilo
996 3422 1233 3494 putent,
1247 3420 1557 3492 propterea
1591 3413 1779 3491 justos
1819 3430 1960 3471 esse.
2044 3411 2198 3472 Nam
2223 3419 2263 3472 3

258 3506 505 3565 alterum
515 3507 780 3611 justitiae
824 3526 1006 3586 genus
1047 3510 1442 3583 assequuntur,
1472 3504 1530 3563 in
1564 3503 1857 3562 inferenda
1882 3523 1955 3562 ne
1981 3505 2074 3563 cui
2099 3523 2199 3562 no·
2227 3506 2268 3561 4

258 3604 426 3656 ceant
450 3596 690 3677 inJuria;
729 3597 788 3656 in
814 3597 1056 3656 alterum
1083 3594 1371 3656 incidunt:
1413 3593 1667 3654 discendi
1706 3594 1856 3654 enim
1881 3595 2072 3673 studio
2095 3594 2201 3652 im-
