2592 4142
304 218 380 276 84
1134 232 1212 273 nn
1252 230 1512 274 omens
1593 244 1596 247 ¹

337 360 374 424 ’1
481 361 777 441 Idemque*
807 361 1088 441 praecipit,
1135 368 1204 421 ut
1248 353 1350 421 eos
1391 360 1747 420 adversarios
1789 359 2201 431 existimemus,
2242 360 2351 440 qui

401 471 561 510 arma
587 460 786 512 contra
809 452 1032 520 ferant;
1059 471 1176 511 non
1194 471 1311 521 eos,
1333 451 1434 531 qui
1459 470 1567 510 suo
1588 450 1805 529 judicio
1831 452 1979 510 tueri
2003 471 2126 510 rem
2154 453 2346 531 publi-

352 603 356 607 ,
401 560 530 601 cam
557 542 767 601 velint:
808 541 993 621 qualis
1031 532 1143 601 fuit
1180 541 1329 603 inter
1365 540 1434 600 P.
1462 541 1820 610 Africanum,
1845 547 1908 600 et
1933 542 2005 612 Q,
2041 541 2348 603 Metellum

401 631 522 690 sine
548 632 858 692 acerbitate
885 632 1176 691 dissensio.
2077 696 2084 703 ‚
2145 679 2150 683 .

335 728 374 782 8
480 721 606 781 Nec
633 740 769 780 vero
795 721 1079 791 audiendi,
1107 721 1206 800 qui
1232 719 1485 799 graviter
1522 720 1756 779 inimicis
1780 717 2145 783 irascendum
2171 729 2345 800 puta-

398 812 563 881 bunt,
590 811 766 889 idque
804 811 1152 891 magnanimi
1176 818 1238 870 et
1262 810 1426 871 fortis
1454 811 1558 869 viri
1597 828 1725 870 esse
1769 813 2100 873 censebunt.
2182 812 2347 875 Nihil

400 902 550 961 enim
575 901 931 971 laudabilius,
953 901 1091 961 nihil
1116 920 1332 981 magno
1360 907 1421 959 et
1446 901 1727 979 praeclaro
1746 900 1868 960 viro
1895 901 2121 981 dignius
2148 901 2345 981 placa-

337 997 373 1052 9
402 991 617 1051 bilitate
658 999 833 1070 atque
874 991 1186 1055 clementia.
1269 992 1342 1049 In
1367 990 1560 1049 liberis
1586 1009 1721 1049 vero
1760 990 1989 1069 populis
2014 999 2077 1051 et
2100 991 2160 1050 in
2196 992 2346 1071 juris

401 1081 787 1161 aequabilitate
830 1082 1148 1141 exercenda
1188 1081 1363 1140 etiam
1402 1087 1491 1139 est
1527 1080 1768 1140 facilitas
1794 1088 1855 1140 et
1880 1081 2125 1140 altitudo
2151 1081 2348 1150 animi,

397 1191 532 1251 quae
562 1171 805 1231 dicitur:
847 1190 938 1241 ne,
969 1172 1018 1231 si
1041 1171 1354 1233 irascamur
1380 1177 1483 1229 aut
1518 1168 1913 1249 intempestive
1940 1172 2346 1231 accedentibus

400 1268 502 1320 aut
528 1261 894 1340 impudenter
930 1258 1287 1341 rogantibus,
1317 1260 1380 1318 in
1400 1260 1793 1320 morositatem
1816 1260 2074 1320 inutilem
2096 1268 2159 1320 et
2184 1261 2342 1320 odio-

297 1356 373 1410 10
392 1370 526 1410 sam
544 1351 879 1411 incidamus,
941 1351 1020 1409 Et
1038 1357 1233 1409 tamen
1252 1349 1333 1408 ita
1352 1349 1651 1428 probanda
1667 1356 1756 1411 est
1774 1351 2153 1410 mansuetudo
2165 1359 2345 1430 atque

400 1440 714 1509 clementia,
761 1447 830 1499 ut
874 1439 1220 1500 adhibeatur
1257 1439 1343 1498 rei
1380 1439 1629 1519 publicae
1672 1458 1845 1499 causa
1889 1441 2180 1510 severitas,
2223 1441 2346 1501 sine

298 1535 368 1590 11
399 1548 516 1608 qua
552 1530 931 1590 administrari
969 1530 1165 1590 civitas
1203 1546 1321 1588 non
1359 1534 1569 1609 potest.
1653 1527 1853 1599 Omnis
1892 1537 2087 1590 autem
2125 1538 2188 1590 et
2207 1533 2345 1593 ,ani-

397 1618 679 1679 madvers'
954 1619 1156 1700 tigatio
1196 1620 1541 1680 contumelia
1565 1637 1769 1680 vacare
1804 1619 1980 1689 debet
1996 1639 2016 1679 :—
2052 1639 2239 1701 neque
2266 1622 2346 1680 ad

399 1708 542 1789 ejus,
565 1709 683 1788 qui.
915 1700 1182 1789 ’aliquem
1201 1716 1307 1769 aut
1324 1709 1511 1771 verbis
1533 1709 1793 1788 castigat,
1816 1709 1920 1769 sed
1941 1710 2022 1769 ad
2046 1711 2130 1770 rei
2155 1711 2345 1791 publi-

296 1803 371 1858 12
399 1818 487 1858 coe
509 1800 811 1860 utilitatem
848 1800 1060 1860 referri.
1146 1799 1481 1860 Cavendum
1506 1806 1597 1859 est
1622 1800 1812 1868 etiam,
1841 1819 1915 1860 ne
1937 1801 2125 1880 major
2164 1821 2347 1882 poena

399 1909 573 1969 quam
600 1890 773 1970 culpa
799 1890 889 1960 sit,
919 1898 980 1950 et
1004 1909 1079 1950 ne
1104 1888 1306 1950 iisdem
1334 1890 1408 1950 de
1436 1888 1621 1950 causis
1647 1889 1741 1948 alii
1780 1890 2120 1968 plectantur,
2150 1892 2246 1951 alii
2269 1912 2346 1952 ne

399 1981 763 2061 appellentur
801 1982 1052 2059 quidem.
1134 1978 1503 2043 Prohibenda
1541 1987 1736 2040 autem
1758 1981 2021 2059 ¹maxime
2048 1988 2139 2041 est
2175 1983 2262 2041 ira
2285 1983 2347 2042 in

299 2075 372 2130 13
400 2072 704 2150 puniendo.
786 2071 1101 2149 Nunquam
1139 2071 1308 2140 enim,
1336 2071 1514 2129 iratus
1547 2071 1652 2149 qui
1689 2070 1928 2130 accedet
1967 2070 2045 2129 ad
2086 2090 2342 2152 poenam,

397 2160 851 2227 mediocritatem
875 2160 1034 2219 illam
1059 2158 1298 2229 tenebit,
1319 2179 1454 2238 quae
1475 2167 1565 2219 est
1588 2160 1736 2219 inter
1760 2160 1999 2221 nimium
2018 2167 2079 2221 et
2098 2182 2342 2241 parum3

400 2268 533 2328 quae
561 2250 754 2329 placet
776 2248 1205 2328 Peripateticis:
1213 2255 1273 2306 et
1299 2254 1456 2308 recte
1483 2250 1708 2329 placet:
1735 2250 1913 2310 modo
1939 2270 2011 2310 ne
2036 2251 2346 2312 laudarent

298 2342 373 2398 14
399 2339 766 2407 iracundiam,
796 2345 856 2398 et
895 2339 1166 2407 dicerent,
1202 2332 1419 2397 utiliter
1456 2358 1493 2397 a
1530 2346 1734 2399 natura
1776 2340 1987 2401 datam.
2070 2342 2181 2402 Illa
2205 2361 2344 2402 vero

264 2504 271 2509 μ
398 2429 660 2488 omnibus
702 2428 761 2488 in
803 2430 977 2488 rebus
1015 2427 1374 2508 repudianda
1411 2435 1517 2498 est,
1560 2429 2010 2508 optandumque,
2041 2436 2110 2490 ut
2149 2432 2205 2501 ii,
2243 2433 2345 2511 qui

399 2526 663 2599 praesunt
686 2519 770 2579 rei
794 2519 1062 2598 publicae,
1086 2519 1288 2599 legum
1331 2518 1540 2583 similes
1565 2519 1693 2599 sint,
1717 2539 1855 2598 quae
1884 2516 1960 2579 ad
1987 2522 2344 2600 puniendum

396 2628 512 2671 non
525 2609 843 2680 iracundia,
874 2609 979 2670 sed
1005 2609 1279 2689 aequitate
1306 2608 1611 2669 ducuntur.

477 2787 696 2847 XXVI.
738 2788 937 2867 Atque
965 2789 1137 2861 etiam
1171 2789 1231 2848 in
1267 2789 1443 2849 rebus
1483 2787 1771 2868 prosperis
1798 2796 1857 2849 et
1882 2789 1960 2849 ad
1985 2792 2343 2853 voluntatem

400 2883 657 2937 nostram
696 2878 1002 2937 fluentibus
1042 2879 1371 2957 superbiam
1405 2898 1619 2958 magno
1645 2898 1834 2958 opere,
1863 2880 2157 2941 fastidium
2182 2902 2346 2942 arro*

334 2971 375 3029 2
402 2966 767 3046 gantiamque
809 2967 1113 3046 fugiamus.
1197 2967 1353 3026 Nam
1392 2975 1461 3027 ut
1498 2968 1768 3028 adversas
1806 2989 1915 3039 res,
1945 2971 2025 3030 sic
2054 2972 2340 3032 secundas

397 3056 770 3119 immoderate
808 3057 957 3115 ferre
996 3055 1240 3115 levitatis
1280 3063 1406 3117 est:
1448 3059 1839 3137 praeclaraque
1867 3067 1956 3118 est
1982 3062 2340 3139 aequabilitas

312 3219 327 3235 x
397 3148 455 3207 in
481 3147 636 3206 omni
660 3146 795 3215 vita,
826 3154 886 3206 et
921 3146 1076 3205 idem
1117 3165 1346 3224 semper
1371 3148 1565 3207 vultus
1606 3149 1927 3226 eademque
1965 3150 2139 3219 frons,
2168 3158 2237 3210 ut
2262 3152 2339 3212 de

333 3244 369 3298 3
400 3227 906 3315 Socrate-itemque
926 3236 1000 3295 de
1025 3224 1090 3296 (3.
1113 3235 1294 3296 Laelio
1321 3237 1663 3317 accepimus·
1731 3238 2064 3317 Philippum
2084 3241 2337 3318 quidem,

396 3327 780 3386 Macedonum
823 3345 1038 3406 regem,
1069 3328 1241 3386 rebus
1277 3327 1457 3406 gestis
1484 3334 1544 3386 et
1569 3327 1751 3407 gloria
1777 3335 2113 3407 superatum
2140 3349 2176 3389 a
2199 3331 2337 3402 filio,

333 3421 370 3474 4
396 3417 665 3476 facilitate
687 3424 746 3475 et
765 3417 1118 3476 humanitate
1137 3417 1305 3476 video
1328 3418 1677 3496 superiorem
1695 3418 1887 3477 fuisse.
1958 3421 2166 3498 Itaque
2192 3422 2342 3481 alter

283 3562 298 3575 ,
397 3524 625 3584 semper
648 3525 909 3586 magnus,
938 3507 1085 3565 alter
1110 3524 1270 3585 saepe
1308 3507 1703 3586 turpissimus:
1744 3515 1813 3567 ut
1836 3515 1993 3567 recte
2019 3510 2341 3591 praecipere

395 3594 711 3666 videantur,
748 3595 848 3674 qui
890 3602 1142 3675 monent,
1182 3603 1268 3667 ut,
1309 3604 1525 3676 quanto
1566 3596 1884 3677 superiores
1924 3618 2145 3670 sumus,
2173 3607 2340 3663 tanto
