2592 4142
1145 198 1339 291 ⁴57

533 676 574 751 f.
688 613 723 685 3
826 659 1151 749 *LIBER
1202 628 1740 763 SECUNDUS.

331 1056 407 1120 Ἰ.
436 1060 904 1132 Qunmnuontm
918 1060 1102 1122 'officia
1120 1061 1463 1135 ducerentur
1476 1060 1552 1122 ab
1565 1053 1882 1135 honestate,
1898 1064 2092 1127 Marce
2106 1064 2203 1138 fili,

268 1157 452 1229 atque
479 1152 557 1211 ab
582 1152 737 1218 omni
760 1172 971 1236 genere
990 1152 1232 1221 virtutis,
1262 1153 1399 1212 satis
1425 1153 1771 1233 explicatum
1797 1156 2038 1219 arbitror
2062 1157 2207 1217 libro

269 1241 581 1320 superiore.
663 1238 971 1322 Sequitur,
993 1250 1067 1311 ut„
1099 1244 1226 1302 haec
1273 1244 1585 1303 officiorum
1626 1263 1837 1324 genera
1878 1265 2204 1325 persequar,
2233 1253 2276 1325 2·

267 1350 408 1410 quae
446 1331 730 1411 pertinent
769 1332 846 1391 ad
887 1332 1022 1395 vitae
1060 1333 1299 1402 cultum,
1328 1341 1389 1394 et
1413 1333 1489 1394 ad
1524 1353 1723 1394 earum
1762 1342 1972 1407 rerum,
2000 1337 2209 1416 quibus

267 1428 516 1482 utuntur
539 1421 812 1491 homineS,
832 1421 1182 1491 facultatem,
1199 1422 1276 1482 ad
1303 1442 1460 1503 opes,
1478 1423 1554 1484 ad
1575 1425 1785 1505 copias.
1843 1427 1919 1485 In
1938 1445 2053 1505 quo
2079 1433 2207 1487 tum

267 1512 458 1590 quaeri
483 1511 615 1585 dixi,
642 1511 783 1591 quid
807 1511 962 1582 utile,
990 1512 1128 1591 quid
1152 1513 1383 1585 inutile:
1419 1520 1546 1573 tum
1574 1533 1646 1574 ex
1671 1515 1905 1576 utilibus
1930 1514 2069 1595 quid
2095 1517 2206 1576 uti-

266 1601 402 1670 lius,
430 1608 532 1661 aut
556 1600 695 1681 quid
719 1602 962 1661 maxime
988 1600 1142 1673 utile.
1223 1604 1314 1664 De
1340 1604 1548 1682 quibus
1586 1604 1775 1665 dicere
1808 1606 2131 1687 aggrediar,
2159 1606 2210 1666 si

268 1709 462 1771 pauca
487 1692 644 1770 prius
668 1691 743 1751 de
767 1693 1035 1752 instituto·
1050 1711 1118 1751 ac
1145 1692 1220 1751 de
1243 1693 1461 1772 judicio
1487 1712 1620 1754 meo
1646 1694 1859 1754 dixere.
2134 1686 2144 1697 '

354 1782 715 1860 Quamquam
755 1783 906 1842 enim
947 1780 1075 1842 libri
1115 1783 1295 1842 nostri
1336 1784 1659 1862 complures
1683 1802 1800 1842 non
1823 1784 1996 1844 modo
2022 1784 2100 1843 ad
2126 1785 2206 1845 le·
2234 1792 2272 1845 3

266 1871 464 1951 gendi,
481 1872 591 1931 sed
607 1873 777 1932 etiam
797 1873 871 1931 ad
898 1872 1180 1932 scribendi
1206 1871 1461 1932 studium
1482 1872 1888 1955 egcitaverunt,
1904 1881 2097 1933 tamen
2122 1875 2206 1933 in·

268 1961 742 2030 terdu‘m'vereor,
769 1980 843 2020 ne
869 1962 1212 2041 quibusdam
1251 1962 1414 2021 bonis
1440 1961 1572 2023 viris
1600 1961 1977 2041 philosophiae
2001 1983 2210 2024 nomen

268 2051 348 2110 sit
372 2050 634 2122 invisum,
660 2050 1062 2130 mirenturque,
1090 2052 1149 2111 in
1189 2071 1258 2111 ea
1296 2058 1523 2111 tantum
1562 2071 1655 2111 me
1683 2069 1877 2137 operae
1901 2059 1962 2112 et
1986 2059 2208 2132 tempo·

267 2141 350 2200 ris
394 2156 621 2219 ponere.
700 2141 830 2221 Ego
868 2149 1062 2201 autem
1087 2149 1260 2221 quam
1287 2140 1390 2202 diu
1412 2161 1505 2201 res
1531 2142 1761 2222 publica
1787 2159 1893 2222 per
1918 2162 2016 2202 eos
2042 2163 2206 2224 gere·-
2234 2150 2272 2203 4

268 2231 459 2299 batur,
488 2231 693 2310 quibus
722 2251 784 2290 se
809 2231 937 2311 ipsa
976 2251 1043 2290 co
1163 2232 1177 2245 ‘
1209 2239 1349 2300 erat,
1378 2252 1578 2292 omnes
1614 2239 1773 2291 meas
1800 2236 1963 2291 curas
1991 2233 2205 2314 cogita·

269 2321 566 2399 tionesque
590 2321 649 2379 in
674 2338 802 2380 eam
841 2321 1066 2381 confere
1107 2341 1217 2383 am.
1301 2323 1466 2383 Cum„
1491 2330 1685 2384 autem
1718 2322 2014 2383 dominatu
2039 2325 2206 2387 unius
2233 2334 2271 2387 5

269 2410 460 2470 omnia
486 2417 824 2480 tenerentur,
852 2431 1038 2490 neque
1069 2416 1221 2472 esset
1257 2432 1503 2492 usquam
1545 2414 1776 2473 consilio
1818 2421 1921 2473 aut
1964 2415 2205 2497 auctori-

268 2501 378 2558 tati
404 2501 581 2570 locus,
607 2501 789 2560 socios
815 2501 1059 2579 denique
1097 2494 1329 2561 tuendae
1354 2503 1437 2562 rei
1463 2503 1725 2581 publicae,
1754 2522 2012 2562 summos
2037 2503 2205 2572 viroS,

269 2590 613 2648 amisissem:
641 2609 746 2649 nec
767 2610 860 2649 me
880 2590 1184 2669 angoribus
1202 2591 1421 2670 deditii,
1443 2591 1651 2670 quibus
1669 2610 1862 2649 ‘essem
1890 2590 2204 2662 confectus,

268 2678 375 2738 nisi
400 2680 466 2738 iis
492 2679 840 2750 restitissem,
857 2696 963 2740 nec
981 2681 1209 2739 rursum
1234 2680 1478 2760 indignis
1505 2680 1730 2739 homine
1751 2679 1922 2740 docto
1941 2680 2204 2761 volupta-

269 2769 442 2828 tibus.
504 2770 703 2851 Atque
724 2771 942 2830 utinam
967 2789 1059 2829 res
1080 2770 1314 2850 publica
1333 2770 1598 2839 stetisset,
1618 2789 1733 2848 quo
1754 2777 2013 2851 coeperat
2029 2778 2203 2843 statu,
2233 2778 2270 2832 6

267 2878 375 2917 nec
395 2859 454 2917 in
474 2859 727 2918 homines
748 2879 861 2919 non
878 2867 998 2919 tam
1019 2860 1564 2929 commutandarum,
1582 2868 1754 2939 quam
1772 2861 2208 2923 evertendarum

268 2967 464 3007 rerum
493 2948 731 3027 cupidos
763 2949 1065 3009 incidisset.
1145 2949 1404 3009 Primum
1431 2950 1597 3019 enim,
1625 2958 1693 3009 ut
1718 2958 1904 3013 stante
1931 2972 1994 3011 re
2021 2953 2205 3030 publi·
2235 2953 2271 3013 ’1

269 3057 341 3096 ca
365 3038 555 3096 facere
583 3039 920 3107 solebamuS,
941 3040 1000 3097 in
1026 3039 1250 3119 agendo
1276 3041 1426 3119 plus,
1439 3060 1619 3119 =quam
1645 3041 1705 3100 in
1731 3042 2048 3111 scribendQ
2070 3062 2207 3121 ope-

268 3146 353 3185 rae
395 3146 766 3206 poneremus:
809 3127 1013 3187 deinde
1055 3129 1193 3209 ipsis
1234 3130 1456 3209 scriptis
1491 3150 1606 3189 non
1632 3149 1718 3200 ea,
1749 3150 1881 3209 quae
1905 3150 2073 3199 nunc,
2103 3132 2205 3190 sed
2237 3122 2244 3139 ⁸

269 3217 524 3276 actiones
550 3223 771 3275 nostras
797 3216 1215 3288 mandaremus,
1237 3226 1306 3278 ut
1331 3235 1487 3297 saepe
1514 3219 1769 3277 fecimus.
1834 3220 1985 3277 Cum
2012 3227 2206 3278 autem
2236 3229 2272 3282 8

270 3325 362 3365 res
390 3305 639 3385 publica,
666 3307 723 3364 in
749 3325 863 3385 qua
888 3308 1068 3366 omnis
1094 3327 1222 3368 mea
1248 3326 1403 3376 cura,
1432 3302 1729 3385 cogitatio,
1751 3325 1927 3385 opera
1955 3308 2089 3385 poni
2116 3328 2205 3367 so-

270 3396 446 3463 lebat,
476 3395 632 3454 nulla
671 3403 826 3456 esset
863 3397 1108 3466 omnino,
1136 3397 1251 3456 illae
1291 3396 1506 3456 scilicet
1545 3395 1752 3454 litterae
1795 3396 2202 3467 conticuerunt,

273 3483 529 3543 forenses
571 3492 631 3544 et
669 3485 984 3546 senatoriae.
1066 3486 1225 3545 Nihil
1264 3504 1434 3565 agere
1470 3491 1663 3544 antem
1692 3504 1823 3544 cum
1849 3485 2066 3544 animus
2092 3506 2207 3545 non
2235 3494 2271 3550 9

274 3580 492 3655 posset,
519 3573 580 3633 in
603 3574 692 3634 his
718 3575 920 3635 studiis
937 3576 1021 3635 ab
1045 3575 1201 3635 initio
1226 3581 1484 3635 versatus
1513 3574 1717 3645 aetatis,
1747 3574 2074 3646 existimavi,
2089 3577 2205 3636 .ho-
