2592 4142
297 233 377 293 ’Β
1124 244 1205 284 nn
1231 243 1494 285 omnus

401 383 472 439 ut
511 376 752 455 quisque
796 373 1044 433 maxime
1090 372 1394 447 virtutibus
1445 371 1537 431 his
1582 369 1886 433 lenioribus
1932 369 2040 431 erit
2082 377 2340 444 ornatus,

399 465 696 534 modestia,
737 464 1127 543 temperantia,
1168 463 1280 522 hac
1326 463 1470 541 ipsa,
1512 462 1598 522 de·
1632 480 1752 543 qua
1770 511 1773 515 .
1791 461 1978 521 multa
2012 461 2136 541 jam
2182 461 2345 525 diets

339 563 376 618 2
400 563 556 626 sunt,
579 555 817 636 justitia.
872 554 1057 613 ‚Nam
1080 553 1244 613 fortis
1269 553 1491 612 animus
1515 559 1577 612 et
1602 571 1865 632 mag-nus,
1884 552 1945 611 in
1968 553 2196 613 homine
2221 572 2343 615 non

402 647 656 727 perfecto
680 664 793 709 nec.
811 644 1083 723 sapiente,
1103 643 1411 702 ferventior
1436 643 1775 721 plerumque
1800 648 1919 701 est:
1960 641 2080 718 illae
2097 642 2341 703 virtutes

403 738 625 798 bonum
648 735 835 813 virum
861 733 1129 793 videntur
1154 733 1349 812 potius
1374 732 1671 813 attingere.
1751 731 1952 811 Atque
1978 732 2107 792 haec
2131 733 2191 792 in
2214 752 2341 793 mo-

337 832 374 886 3
401 826 578 886 ribus.
660 826 751 885 De
794 796 1173 883 betffvolentia
1210 829 1424 891 autem,
1452 842 1627 902 quam
1665 821 1907 901 quisque
1944 822 2162 882 habeat
2198 842 2343 902 erga

297 991 305 998 ⁹
399 934 522 985 nos,
553 914 800 994 primum
837 913 980 973 illud
1023 919 1113 973 est
1151 912 1211 972 in
1252 913 1454 982 officio,
1482 919 1552 973 ut
1575 911 1629 972 ei
1653 912 1964 991 plurimum
2000 912 2341 984 tribuamus,

324 1008 329 1015 “
399 1023 438 1064 a
476 1024 594 1083 quo
640 1004 950 1082 plurimum
995 1003 1320 1083 diligamur.
1401 1002 1521 1062 Sed
1561 998 2000 1063 benivolenfiam'
2039 1022 2158 1062 non
2194 1002 2342 1064 ado-

400 1094 843 1154 lescentulorum
887 1112 1049 1153 more
1093 1090 1298 1152 ardore
1338 1093 1589 1170 quodam
1632 1092 1857 1162 amoris,
1888 1091 1994 1152 sed
2032 1092 2344 1155 stabilitate

150 1223 173 1247 ψ
218 1224 253 1277 '.
288 1185 593 1269 ⁴‘fi-potius
635 1190 697 1242 et
737 1183 1056 1244 constantia
1093 1182 1439 1261 judicemus.
1521 1181 1625 1242 sin
1662 1189 1834 1243 erunt
1873 1182 2091 1252 merita,
2118 1190 2188 1242 ut
2224 1202 2345 1243 non

398 1273 663 1343 ineunda,
691 1274 796 1333 sed
830 1272 1131 1340 referenda
1166 1271 1241 1331 sit
1275 1272 1482 1351 gratia,
1509 1271 1698 1351 major
1720 1271 1992 1351 quaedam
2017 1291 2155 1333 cura
2177 1272 2344 1332 adhi-

400 1363 592 1425 benda
628 1369 736 1423 est.
817 1361 1059 1422 Nullum
1105 1361 1257 1427 enim
1296 1361 1543 1423 officium
1588 1362 1889 1421 referenda
1930 1363 2117 1442 gratia
2152 1362 2345 1442 magis

335 1462 374 1517 5
400 1452 783 1528 necessarium
809 1458 916 1511 est.
999 1450 1220 1521 Quodsi
1259 1469 1348 1520 ea,
1377 1446 1510 1529 quae
1523 1456 1532 1463 ‘
1545 1450 1765 1511 utenda
1790 1452 2108 1531 acceperis„
2122 1452 2346 1531 majone

397 1560 684 1611 mensura,
711 1541 762 1600 si
795 1541 970 1600 modo
1008 1541 1211 1620 possis,
1233 1540 1405 1619 jubet
1435 1541 1678 1601 reddere
1705 1540 2027 1611 Hesiodum
2067 1541 2345 1619 quidnam

400 1632 675 1693 beneficio
693 1631 988 1710 provocati
1006 1632 1192 1690 facere
1213 1630 1492 1693 debemus
1503 1632 1532 1691 ἱ)
1572 1631 1674 1690 An
1690 1631 1896 1691 imitari
1914 1650 2086 1710 agros
2103 1632 2343 1703 fertiles,

337 1728 374 1782 6
402 1722 501 1801 qui
525 1720 710 1780 multo
735 1720 867 1800 plus
894 1721 1154 1789 efferunt,
1177 1739 1353 1799 quam
1380 1728 1726 1799 acceperunt
1740 1722 1770 1780 ‘t
1809 1721 2036 1785 Etenim
2059 1720 2113 1780 si
2135 1721 2196 1780 in
2220 1740 2344 1792 eos,

401 1831 549 1891 quos
576 1802 874 1895 speramus
912 1810 1078 1871 nobis
1118 1811 1468 1889 profuturos,
1496 1829 1613 1869 non
1639 1809 1971 1871 dubitamus
1997 1811 2180 1871 officia
2205 1830 2343 1880 con-‚-

337 1901 372 1963 ’1
399 1903 581 1972 ferre3
611 1901 809 1981 quales
828 1900 887 1959 in
906 1918 1006 1960 eos
1026 1920 1152 1961 esse
1181 1900 1477 1981 debemus,
1498 1900 1597 1978 qui
1617 1900 1742 1980 jam
1769 1901 2144 1985 profuerunt?
2184 1901 2344 1961 Nam

401 2012 533 2052 cum
573 1992 692 2051 duo
731 2008 944 2072 genera
976 1990 1330 2050 liberalitatis
1369 1982 1500 2060 sint,
1527 2009 1709 2053 unum
1750 1989 1923 2049 dandi
1958 1990 2230 2060 beneficii,
2258 1990 2343 2051 al-

399 2089 589 2141 terum
613 2080 923 2161 reddendi:
967 2080 1189 2150 demus,
1214 2099 1415 2150 necne,
1442 2081 1501 2139 in
1527 2087 1723 2140 nostra
1749 2086 2036 2159 potestate
2061 2074 2185 2150 θεὶς
2224 2098 2346 2143 non

400 2171 661 2240 reddere,
708 2170 830 2229 viro
876 2171 1028 2230 bono
1072 2189 1188 2229 non
1232 2171 1385 2240 licet,
1431 2170 1607 2237 modo
1653 2170 1715 2230 id
1759 2171 1947 2229 facere
1993 2170 2175 2249 possit
2219 2171 2344 2232 sine

337 2268 375 2321 8
401 2260 621 2341 injuria.
701 2259 1096 2337 Acceptorum
1136 2266 1330 2318 autem
1370 2261 1770 2320 beneficiorum
1795 2266 1930 2318 sunt
1955 2258 2216 2318 delectus
2236 2261 2343 2319 ha·

402 2349 592 2410 bendi.
674 2348 799 2408 Nec
827 2348 1085 2418 dubium,
1114 2350 1251 2427 quin
1275 2350 1525 2409 maximo
1551 2351 1755 2429 cuique
1794 2348 2104 2429 plurimum
2131 2350 2344 2410 debea-

400 2446 517 2498 tur.
597 2439 670 2497 In
709 2457 826 2517 quo
867 2445 1063 2499 tamen
1102 2439 1164 2497 in
1205 2440 1420 2518 primis,
1462 2460 1578 2519 quo
1615 2440 1855 2518 quisque
1894 2439 2100 2507 animo,
2129 2439 2343 2510 studio,

338 2535 374 2590 9
402 2528 778 2589 benivolentia
817 2529 1036 2598 fecerit,
1064 2529 1499 2608 ponderandum
1538 2537 1643 2589 est.
1725 2520 1908 2589 Multi·
1935 2529 2086 2588 enim
2123 2529 2348 2590 faciunt

400 2619 584 2679 multa
610 2619 929 2678 temeritate
956 2610 1221 2696 quadam'
1251 2610 1371 2678 sine
1413 2619 1649 2699 judiciO,
1676 2619 1769 2679 vel
1807 2620 2014 2678 morbo
2038 2619 2342 2689 inmanes,

401 2708 493 2768 vel
538 2708 834 2787 repentino
873 2710 1141 2786 quodam,
1178 2710 1341 2787 quasi
1386 2716 1576 2778 vento,
1613 2709 1837 2788 inipetu
1877 2706 2048 2768 animi
2085 2706 2341 2768 incitati:

401 2816 533 2875 quae
578 2798 850 2855 beneficia
897 2816 1060 2876 aeque
1113 2817 1326 2879 magna
1366 2818 1490 2857 non-
1524 2806 1658 2859 sunt
1703 2790 1986 2867 habenda,
2038 2787 2213 2877 atque
2251 2817 2343 2869 ea,

303 2892 376 2947 10
403 2905 536 2964 quae
569 2886 802 2964 judicio,
831 2887 1184 2947 considerate
1212 2895 1648 2966 constanterque
1683 2886 1877 2947 delata
1902 2896 2055 2949 sunt.
2135 2888 2256 2948 Sed
2283 2888 2348 2948 in

402 2975 733 3034 collocando
772 2976 1065 3046 beneficio,
1093 2983 1153 3035 et
1193 2977 1251 3037 in
1293 2978 1592 3037 referenda
1630 2979 1833 3058 gratia,
1863 2978 1912 3037 si
1951 2985 2142 3038 cetera
2181 2978 2347 3057 paria.

400 3072 552 3135 sunt,
581 3064 691 3124 hoc
731 3065 985 3124 maxime·
1017 3066 1182 3126 officii
1220 3075 1328 3137 est,
1354 3059 1423 3126 ut
1463 3068 1703 3147 quisque
1744 3068 1989 3129 maxime
2017 3068 2156 3147 ‘opis
2194 3067 2341 3127 indi-

399 3161 552 3234 geat,
579 3154 661 3213 ita
687 3152 740 3212 ei
774 3154 1134 3233 potissimum
1160 3157 1441 3235 opitulari.
1524 3158 1695 3228 Quod
1726 3165 1924 3217 contra
1960 3158 2028 3216 fit
2066 3177 2102 3215 a
2141 3157 2340 3237 pleris-

299 3248 370 3301 11
399 3262 537 3321 que„
611 3243 673 3301 A
700 3262 815 3323 quo
849 3244 1001 3305 enim
1041 3242 1350 3325 plurimum
1393 3254 1643 3325 sperant,
1671 3247 1895 3307 etiamsi
1932 3247 1988 3307 is-
2024 3266 2142 3306 non
2183 3252 2338 3326 eget„

397 3339 593 3393 tamen
618 3333 672 3391 ei
697 3333 1056 3412 potissimum
1081 3336 1409 3397 inserviunt.

477 3509 638 3569 XVI.
683 3510 915 3589 Optime
943 3519 1137 3572 autem
1163 3514 1405 3573 societas
1431 3512 1725 3576 hominum
1752 3516 2193 3595 conjunctioque
2220 3534 2341 3576 ser·

398 3598 644 3673 vehitur,
662 3597 728 3669 si,
750 3606 818 3659 ut
842 3600 1084 3680 quisque
1103 3603 1219 3663 erit*
1229 3604 1737 3683 conjunctissimus,
1755 3605 1838 3666 ita
1854 3607 1914 3666 in
1934 3626 2067 3667 eum
2083 3605 2341 3687 benigni·-

2571 0 2583 286 1
