2592 4142
375 259 455 322 '10
693 227 698 233 ⁴
1192 274 1271 314 nn
1314 271 1570 318 omens
1596 295 1605 299 -

478 403 875 484 imperandum
901 402 1074 482 deligi
1109 403 1323 471 solitos,
1352 420 1596 483 quorum
1624 401 1725 461 de·
1741 393 1964 480 justitia
1998 411 2218 478 magna
2248 404 2402 459 esset

478 495 668 575 opinio
690 493 1081 558 multitudinis.
1161 492 1461 570 Adjuncto
1487 510 1639 559 ver0,
1664 498 1736 550 ut
1759 490 1931 550 iidem
1955 490 2130 548 etiam
2158 489 2400 570 pruden-

429 593 569 646 tes
593 584 957 652 haberentur,
984 583 1122 641 nihil
1148 588 1289 649 erat,
1319 580 1476 658 quod
1516 580 1775 639 homines
1811 580 1907 637 his
1937 579 2268 646 auctoribus
2292 598 2402 645 non

416 677 460 734 6
482 693 650 756 posse
699 673 966 750 consequi
1011 692 1073 730 se
1119 669 1541 729 arbitrarentur.
1620 670 1794 732 Omni
1834 661 2009 748 igitur
2054 668 2274 727 ratione
2312 687 2400 728 co-

480 763 651 824 lenda
673 770 737 821 ot
762 749 1055 820 retinenda
1074 759 1296 839 justitia
1321 764 1426 832 est,
1457 766 1580 818 tum
1603 759 1728 836 ipsa
1754 777 1857 836 per
1883 777 2025 828 sese,
2058 755 2218 837 (nam
2245 758 2403 817 aliter

476 852 697 932 justitia
718 870 834 910 non
869 841 1070 929 esset‚)
1097 857 1221 909 tu‘m
1253 855 1498 928 propter
1536 848 2030 928 ‘amplificationem
2070 847 2304 936 honoris
2343 853 2403 910 et

481 942 699 1021 gloriae.
1460 973 1465 978 -
2311 962 2314 966 ·

417 1118 453 1180 ’1
562 1119 680 1179 Sed
717 1125 788 1178 ut
830 1118 1085 1198 pecuniae
1124 1136 1238 1177 non
1279 1115 1610 1195 ‘quaerendae
1654 1114 1839 1176 solum
1880 1115 2024 1174 ratio
2062 1121 2170 1184 est,
2202 1134 2401 1174 verum

483 1209 655 1268 etiam
693 1207 1059 1275 collocandae)
1088 1225 1220 1284 quae
1257 1212 1568 1285 perpetuos
1608 1212 1873 1283 sumptus
1912 1201 2261 1283 suppeditet,
2300 1223 2403 1266 neo

483 1297 667 1364 solum
685 1297 1044 1376 necessario&
1062 1295 1166 1354 sed
1182 1296 1350 1354 etiam
1365 1295 1626 1376 liberales
1644 1312 1658 1352 t
1688 1295 1768 1352 sic
1795 1294 1975 1371 gloria
1993 1301 2053 1351 et
2078 1292 2403 1371 quaerenda,

419 1393 455 1447 8
483 1394 544 1445 et
558 1385 885 1454 collocanda
900 1385 1114 1444 ratione
1132 1391 1235 1443 est.
1288 1385 1649 1461 Quamquam
1665 1383 1941 1461 praeclare
1958 1382 2242 1451 Socrates,
2259 1383 2409 1441 hanc

482 1475 632 1534 viam
665 1473 741 1532 ad
782 1474 1044 1552 gloriam.
1057 1474 1373 1551 proximam
1400 1481 1461 1531 et
1485 1473 1647 1550 quasi
1680 1472 2154 1551 compendiariam
2183 1471 2407 1530 dicebat

484 1582 626 1631 esse,
670 1563 719 1621 si
756 1563 883 1640 quis
921 1562 982 1621 id
1023 1570 1242 1642 ageret,
1274 1569 1373 1631 ut,-
1389 1563 1568 1640 qualis
1602 1562 1804 1620 haberi
1841 1561 2028 1630 vellet,
2069 1560 2200 1619 talis
2238 1568 2405 1630 esset.

417 1659 456 1715 9
485 1652 655 1723 Quod
698 1652 746 1711 si
779 1652 885 1730 qui
925 1652 1281 1711 simulatione
1321 1659 1382 1711 et
1421 1652 1571 1711 inani
1609 1651 1984 1712 ostentatione
2023 1657 2093 1709 et
2119 1650 2258 1709 ficto
2296 1670 2408 1709 non

482 1742 655 1801 modo
681 1761 954 1810 sermone,
977 1742 1080 1800 sed
1107 1742 1278 1801 etiam
1298 1742 1479 1808 vultu,
1503 1742 1764 1804 stabilem
1785 1760 1847 1799 se
1873 1741 2111 1819 gloriam
2140 1740 2410 1817 consequi

382 1837 457 1893 10
485 1851 653 1911 posse
689 1836 914 1900 rentur,'
933 1832 1300 1890 vehementer
1337 1837 1544 1890 errant.
1627 1831 1783 1888 Vera
1818 1830 1997 1909 gloria
2021 1828 2243 1888 radices
2269 1830 2407 1909 agit,

483 1913 657 1999 atque
683 1921 854 1980 etiam
891 1928 1278 1999 propagatum
1322 1921 1455 1986 ficta
1489 1919 1686 2002 omnia
1707 1919 1961 1977 celeriter
1985 1925 2285 1996 tamquam
2309 1919 2412 1978 flo-

417 2048 428 2051 ’
484 2011 629 2081 sculi
654 2010 940 2077 decidunt,
968 2029 1074 2068 nec
1102 2010 1430 2071 simulatum
1468 2015 1658 2087 potest
1685 2008 1989 2086 quicquam
2028 2025 2154 2066 esse
2191 2007 2411 2068 diutur-

382 2104 453 2157 11
482 2118 637 2164 num.
706 2100 905 2157 Testes
929 2105 1064 2156 sunt
1091 2091 1360 2177 permulti
1391 2097 1448 2155 in
1473 2104 1773 2175 utramque
1800 2103 2053 2175 partem:
2096 2095 2202 2154 sed
2226 2097 2411 2156 brevi·

381 2193 455 2246 12
483 2188 617 2248 tatis
644 2206 815 2245 causa
839 2187 1049 2244 familia
1077 2187 1329 2244 contenti
1357 2187 1565 2244 erimus
1604 2205 1735 2248 una.
1816 2186 1898 2244 Ti.
1922 2184 2070 2244 enim
2092 2185 2411 2256 Gracchus,

481 2276 550 2334 P.
580 2276 664 2342 F„
692 2282 813 2333 tam
841 2275 939 2332 diu
964 2274 1306 2342 laudabitur,
1335 2274 1475 2333 dum
1510 2275 1781 2333 memoria
1805 2294 1996 2333 rerum
2023 2271 2411 2336 Romanarum

411 2431 415 2444 ,
482 2363 749 2422 manebit.
829 2363 918 2421 At
941 2364 1066 2441 ejus
1091 2363 1189 2421 filii
1213 2382 1318 2421 nec
1347 2363 1457 2421 vivi
1484 2365 1870 2441 probabantur
1894 2363 2074 2432 boniS,
2102 2370 2192 2422 et..
2201 2364 2414 2423 mortui

484 2472 784 2512 numerum
810 2452 1065 2512 obtinent
1086 2452 1222 2531 jure.
1241 2472 1534 2512 caesorum.

562 2633 732 2692 XIII.
775 2631 886 2701 Qui
905 2621 1334 2710 igitur-adipisci
1352 2650 1544 2689 veram
1571 2631 1809 2711 gloriam
1828 2630 1999 2701 volet,
2017 2631 2262 2710 justitiae
2284 2632 2414 2690 fun·

487 2729 658 2800 gatur
683 2715 891 2779 officiiS.
973 2721 1059 2777 Ea
1085 2741 1215 2798 quae
1244 2728 1450 2789 essent,
1479 2720 1698 2782 dictum
1725 2728 1815 2779 est
1848 2721 1911 2779 in
1930 2720 2075 2779 libro
2102 2720 2413 2799 superiore.

415 2816 459 2869 2
489 2809 624 2877 Sed,
652 2816 719 2866 ut
744 2809 1023 2875 facillime,
1045 2809 1240 2886 quales
1268 2809 1460 2878 simus,
1481 2809 1626 2868 tales
1655 2819 1779 2869 ess‘e
1798 2810 2108 2878 videamur,
2130 2810 2239 2868 etsi
2262 2810 2326 2868 in
2344 2828 2421 2868 eo

486 2898 612 2975 ipso
638 2897 746 2958 vis„
766 2897 1008 2953 maxima
1040 2904 1145 2965 est,
1174 2905 1252 2970 ut,
1284 2898 1458 2957 simus
1492 2898 1547 2968 ii,
1576 2900 1673 2976 qui
1713 2899 1909 2957 haberi
1933 2899 2190 2971 velimus,
2219 2905 2420 2958 tamen

424 2994 459 3047 3
488 2985 757 3065 quaedam
800 2987 1093 3065 praecepta
1140 2986 1332 3045 danda
1376 2994 1524 3048 sunt.
1606 2988 1777 3047 Nam'
1800 2987 1850 3046 si
1895 2988 2021 3065 quis
2069 2989 2144 3047 ab
2184 2988 2419 3047 ineunte

489 3081 661 3136 aetate
688 3075 862 3133 habet
884 3092 1113 3133 causam
1136 3076 1475 3135 celebritatis
1502 3083 1563 3136 et
1586 3077 1842 3146 nominiS,
1871 3084 1973 3135 aut
1997 3097 2035 3134 a
2059 3083 2418 3154 patretacce-

473 3161 847 3243 ptam-(quod
866 3163 984 3232 tibi,
1006 3163 1084 3221 mi
1105 3163 1319 3233 Cicero,
1338 3165 1578 3224 arbitror
1594 3163 1931 3244 contigisse)¹
1945 3171 2047 3223 aut
2066 3165 2256 3242 aliquo
2278 3185 2424 3225 casu

488 3263 662 3333 atque
701 3255 966 3312 fortuna:
1006 3252 1064 3318 in
1099 3254 1250 3312 hunc
1287 3254 1436 3313 oculi
1461 3255 1712 3316 omnium
1739 3254 2128 3333 conjiciuntur,
2157 3263 2336 3333 atque
2361 3255 2426 3315 in

491 3363 638 3412 eum,
662 3342 797 3420 quid
815 3350 970 3420 agat,
991 3341 1475 3419 quemadmodum
1495 3343 1662 3412 vivat,
1684 3343 2010 3421 inquiritur:
2041 3350 2101 3402 et
2086 3351 2425 3437 tamquam

491 3431 549 3489 in
575 3431 878 3490 clarissima
916 3432 1043 3489 luce
1070 3437 1344 3503 versetur,
1374 3431 1455 3489 ita
1488 3431 1708 3500 nullum
1745 3431 2052 3490 obscurum
2089 3439 2289 3510 potest
2314 3452 2424 3492 nec

427 3523 466 3577 4
493 3519 709 3577 dictum
752 3518 886 3593 ejus
897 3537 1043 3592 ,esse
1081 3538 1185 3577 nec
1226 3521 1461 3579 factum.
1514 3522 1800 3596 Quorum
1827 3528 2023 3581 autem
2058 3521 2244 3598 prima
2274 3530 2425 3587 aetas

494 3614 733 3686 propter
757 3607 1216 3665 humilitatemaet
1242 3590 1682 3669 obscuritatem
1666 3630 1726 3668 m
1751 3610 2043 3684 hominum
2061 3611 2424 3689 ignoratione

2558 2627 2564 2692 Ι
