<?xml version="1.0" encoding="UTF-8"?>
<!DOCTYPE html PUBLIC "-//W3C//DTD XHTML 1.0 Transitional//EN"
    "http://www.w3.org/TR/xhtml1/DTD/xhtml1-transitional.dtd">
<html xmlns="http://www.w3.org/1999/xhtml" xml:lang="en" lang="en">
 <head>
  <title>
</title>
<meta http-equiv="Content-Type" content="text/html;charset=utf-8" />
  <meta name='ocr-system' content='tesseract 3.04.00' />
  <meta name='ocr-capabilities' content='ocr_page ocr_carea ocr_par ocr_line ocrx_word'/>
</head>
<body>
  <div class='ocr_page' id='page_1' title='image "./deofficiislibri05cicegoog_0040.png"; bbox 0 0 2592 4142; ppageno 0'>
   <div class='ocr_carea' id='block_1_1' title="bbox 343 183 1602 251">
    <p class='ocr_par' dir='ltr' id='par_1_1' title="bbox 343 183 1602 251">
     <span class='ocr_line' id='line_1_1' title="bbox 343 183 1602 251; baseline 0.001 -12"><span class='ocrx_word' id='word_1_1' title='bbox 343 183 424 247; x_wconf 72' lang='lat'><strong>24</strong></span> <span class='ocrx_word' id='word_1_2' title='bbox 1176 199 1254 239; x_wconf 77' lang='lat' dir='ltr'><strong>nn</strong></span> <span class='ocrx_word' id='word_1_3' title='bbox 1284 198 1540 240; x_wconf 77' lang='lat' dir='ltr'><strong>omens</strong></span> <span class='ocrx_word' id='word_1_4' title='bbox 1597 247 1602 251; x_wconf 49' lang='grc'><strong>,</strong></span> 
     </span>
    </p>
   </div>
   <div class='ocr_carea' id='block_1_2' title="bbox 351 327 2407 3636">
    <p class='ocr_par' dir='ltr' id='par_1_2' title="bbox 442 327 2407 676">
     <span class='ocr_line' id='line_1_2' title="bbox 448 327 2407 407; baseline 0.003 -19"><span class='ocrx_word' id='word_1_5' title='bbox 448 327 623 388; x_wconf 86' lang='lat' dir='ltr'><strong>etiam</strong></span> <span class='ocrx_word' id='word_1_6' title='bbox 661 333 752 387; x_wconf 85' lang='lat' dir='ltr'><strong>est</strong></span> <span class='ocrx_word' id='word_1_7' title='bbox 793 327 1051 407; x_wconf 83' lang='lat' dir='ltr'><strong>ejusdem</strong></span> <span class='ocrx_word' id='word_1_8' title='bbox 1072 346 1219 405; x_wconf 65' lang='lat' dir='ltr'><strong>¹esse</strong></span> <span class='ocrx_word' id='word_1_9' title='bbox 1259 327 1515 389; x_wconf 83' lang='lat' dir='ltr'><strong>civitatis.</strong></span> <span class='ocrx_word' id='word_1_10' title='bbox 1597 327 1785 388; x_wconf 82' lang='lat' dir='ltr'><strong>Multa</strong></span> <span class='ocrx_word' id='word_1_11' title='bbox 1819 327 1969 386; x_wconf 90' lang='lat' dir='ltr'><strong>enim</strong></span> <span class='ocrx_word' id='word_1_12' title='bbox 2004 337 2137 389; x_wconf 81' lang='lat' dir='ltr'><strong>sunt</strong></span> <span class='ocrx_word' id='word_1_13' title='bbox 2162 331 2407 394; x_wconf 73' lang='lat' dir='ltr'><strong>civibu-</strong></span> 
     </span>
     <span class='ocr_line' id='line_1_3' title="bbox 447 418 2401 501; baseline -0.001 -24"><span class='ocrx_word' id='word_1_14' title='bbox 447 418 595 477; x_wconf 86' lang='lat' dir='ltr'><strong>inter</strong></span> <span class='ocrx_word' id='word_1_15' title='bbox 634 437 697 479; x_wconf 82' lang='lat' dir='ltr'><strong>se</strong></span> <span class='ocrx_word' id='word_1_16' title='bbox 737 418 1086 477; x_wconf 85' lang='lat' dir='ltr'><strong>communia:</strong></span> <span class='ocrx_word' id='word_1_17' title='bbox 1128 418 1333 485; x_wconf 71' lang='lat' dir='ltr'><strong>forum,</strong></span> <span class='ocrx_word' id='word_1_18' title='bbox 1372 418 1520 486; x_wconf 79' lang='lat' dir='ltr'><strong>fana,</strong></span> <span class='ocrx_word' id='word_1_19' title='bbox 1562 418 1831 495; x_wconf 87' lang='lat' dir='ltr'><strong>porticus,</strong></span> <span class='ocrx_word' id='word_1_20' title='bbox 1861 418 1986 488; x_wconf 83' lang='lat' dir='ltr'><strong>viae,</strong></span> <span class='ocrx_word' id='word_1_21' title='bbox 2014 420 2189 498; x_wconf 87' lang='lat' dir='ltr'><strong>leges,</strong></span> <span class='ocrx_word' id='word_1_22' title='bbox 2226 423 2401 501; x_wconf 80' lang='lat' dir='ltr'><strong>jura,</strong></span> 
     </span>
     <span class='ocr_line' id='line_1_4' title="bbox 442 507 2399 587; baseline 0.003 -20"><span class='ocrx_word' id='word_1_23' title='bbox 442 508 676 587; x_wconf 79' lang='lat' dir='ltr'><strong>judicia,</strong></span> <span class='ocrx_word' id='word_1_24' title='bbox 706 508 992 586; x_wconf 83' lang='lat' dir='ltr'><strong>suffragia,</strong></span> <span class='ocrx_word' id='word_1_25' title='bbox 1036 507 1473 567; x_wconf 84' lang='lat' dir='ltr'><strong>consuetudines</strong></span> <span class='ocrx_word' id='word_1_26' title='bbox 1514 515 1800 585; x_wconf 76' lang='lat' dir='ltr'><strong>praeterea</strong></span> <span class='ocrx_word' id='word_1_27' title='bbox 1846 514 1906 566; x_wconf 90' lang='lat' dir='ltr'><strong>et</strong></span> <span class='ocrx_word' id='word_1_28' title='bbox 1950 509 2399 582; x_wconf 51' lang='lat' dir='ltr'><strong>familiaritate&amp;</strong></span> 
     </span>
     <span class='ocr_line' id='line_1_5' title="bbox 449 597 1994 676; baseline 0.001 -20"><span class='ocrx_word' id='word_1_29' title='bbox 449 598 757 676; x_wconf 86' lang='lat' dir='ltr'><strong>multisque</strong></span> <span class='ocrx_word' id='word_1_30' title='bbox 783 616 915 658; x_wconf 92' lang='lat' dir='ltr'><strong>cum</strong></span> <span class='ocrx_word' id='word_1_31' title='bbox 942 597 1135 655; x_wconf 86' lang='lat' dir='ltr'><strong>multis</strong></span> <span class='ocrx_word' id='word_1_32' title='bbox 1161 615 1252 655; x_wconf 87' lang='lat' dir='ltr'><strong>res</strong></span> <span class='ocrx_word' id='word_1_33' title='bbox 1278 597 1639 674; x_wconf 76' lang='lat' dir='ltr'><strong>rationesque</strong></span> <span class='ocrx_word' id='word_1_34' title='bbox 1666 604 1994 658; x_wconf 61' lang='lat' dir='ltr'><strong>contractae.</strong></span> 
     </span>
    </p>

    <p class='ocr_par' dir='ltr' id='par_1_3' title="bbox 384 686 2401 857">
     <span class='ocr_line' id='line_1_6' title="bbox 384 686 2401 791; baseline 0.001 -44"><span class='ocrx_word' id='word_1_35' title='bbox 384 695 420 747; x_wconf 84' lang='lat'><strong>3</strong></span> <span class='ocrx_word' id='word_1_36' title='bbox 527 688 728 747; x_wconf 84' lang='lat' dir='ltr'><strong>Artior</strong></span> <span class='ocrx_word' id='word_1_37' title='bbox 765 706 902 747; x_wconf 87' lang='lat' dir='ltr'><strong>vero</strong></span> <span class='ocrx_word' id='word_1_38' title='bbox 946 686 1234 766; x_wconf 89' lang='lat' dir='ltr'><strong>colligatio</strong></span> <span class='ocrx_word' id='word_1_39' title='bbox 1274 693 1365 747; x_wconf 86' lang='lat' dir='ltr'><strong>est</strong></span> <span class='ocrx_word' id='word_1_40' title='bbox 1406 687 1691 746; x_wconf 84' lang='lat' dir='ltr'><strong>societatis</strong></span> <span class='ocrx_word' id='word_1_41' title='bbox 1732 688 2196 791; x_wconf 77' lang='lat' dir='ltr'><strong>propinquorum.</strong></span> <span class='ocrx_word' id='word_1_42' title='bbox 2280 691 2401 751; x_wconf 89' lang='lat' dir='ltr'><strong>Ab</strong></span> 
     </span>
     <span class='ocr_line' id='line_1_7' title="bbox 448 777 2396 857; baseline 0.001 -21"><span class='ocrx_word' id='word_1_43' title='bbox 448 777 546 837; x_wconf 83' lang='lat' dir='ltr'><strong>illa</strong></span> <span class='ocrx_word' id='word_1_44' title='bbox 584 777 734 836; x_wconf 91' lang='lat' dir='ltr'><strong>enim</strong></span> <span class='ocrx_word' id='word_1_45' title='bbox 773 777 1050 836; x_wconf 85' lang='lat' dir='ltr'><strong>immensa</strong></span> <span class='ocrx_word' id='word_1_46' title='bbox 1085 777 1357 838; x_wconf 83' lang='lat' dir='ltr'><strong>societate</strong></span> <span class='ocrx_word' id='word_1_47' title='bbox 1395 777 1628 837; x_wconf 88' lang='lat' dir='ltr'><strong>humani</strong></span> <span class='ocrx_word' id='word_1_48' title='bbox 1653 777 1878 856; x_wconf 85' lang='lat' dir='ltr'><strong>generis</strong></span> <span class='ocrx_word' id='word_1_49' title='bbox 1902 778 1961 836; x_wconf 91' lang='lat' dir='ltr'><strong>in</strong></span> <span class='ocrx_word' id='word_1_50' title='bbox 1987 778 2256 857; x_wconf 84' lang='lat' dir='ltr'><strong>exiguum</strong></span> <span class='ocrx_word' id='word_1_51' title='bbox 2281 798 2396 838; x_wconf 85' lang='lat' dir='ltr'><strong>an-</strong></span> 
     </span>
    </p>

    <p class='ocr_par' dir='ltr' id='par_1_4' title="bbox 384 856 2396 1215">
     <span class='ocr_line' id='line_1_8' title="bbox 384 856 2395 955; baseline 0 -28"><span class='ocrx_word' id='word_1_52' title='bbox 384 872 424 927; x_wconf 82' lang='lat'>4</span> <span class='ocrx_word' id='word_1_53' title='bbox 449 856 801 955; x_wconf 79' lang='lat' dir='ltr'><strong>gustumque</strong></span> <span class='ocrx_word' id='word_1_54' title='bbox 821 866 1193 927; x_wconf 81' lang='lat' dir='ltr'><strong>concluditur.</strong></span> <span class='ocrx_word' id='word_1_55' title='bbox 1274 866 1431 925; x_wconf 80' lang='lat' dir='ltr'><strong>Nam</strong></span> <span class='ocrx_word' id='word_1_56' title='bbox 1456 884 1588 927; x_wconf 85' lang='lat' dir='ltr'><strong>cum</strong></span> <span class='ocrx_word' id='word_1_57' title='bbox 1612 867 1687 925; x_wconf 89' lang='lat' dir='ltr'><strong>sit</strong></span> <span class='ocrx_word' id='word_1_58' title='bbox 1711 867 1823 927; x_wconf 89' lang='lat' dir='ltr'><strong>hoc</strong></span> <span class='ocrx_word' id='word_1_59' title='bbox 1849 874 2054 926; x_wconf 83' lang='lat' dir='ltr'><strong>natura</strong></span> <span class='ocrx_word' id='word_1_60' title='bbox 2080 887 2395 928; x_wconf 80' lang='lat' dir='ltr'><strong>commune</strong></span> 
     </span>
     <span class='ocr_line' id='line_1_9' title="bbox 451 955 2394 1036; baseline -0.001 -19"><span class='ocrx_word' id='word_1_61' title='bbox 451 957 838 1027; x_wconf 84' lang='lat' dir='ltr'><strong>animantium,</strong></span> <span class='ocrx_word' id='word_1_62' title='bbox 866 964 933 1016; x_wconf 90' lang='lat' dir='ltr'><strong>ut</strong></span> <span class='ocrx_word' id='word_1_63' title='bbox 958 958 1210 1016; x_wconf 85' lang='lat' dir='ltr'><strong>habeant</strong></span> <span class='ocrx_word' id='word_1_64' title='bbox 1246 955 1560 1017; x_wconf 82' lang='lat' dir='ltr'><strong>lubidinem</strong></span> <span class='ocrx_word' id='word_1_65' title='bbox 1600 956 1953 1036; x_wconf 84' lang='lat' dir='ltr'><strong>procreandi,</strong></span> <span class='ocrx_word' id='word_1_66' title='bbox 1982 956 2166 1036; x_wconf 88' lang='lat' dir='ltr'><strong>prima</strong></span> <span class='ocrx_word' id='word_1_67' title='bbox 2203 959 2394 1019; x_wconf 76' lang='lat' dir='ltr'><strong>socie-</strong></span> 
     </span>
     <span class='ocr_line' id='line_1_10' title="bbox 450 1046 2392 1126; baseline 0.001 -20"><span class='ocrx_word' id='word_1_68' title='bbox 450 1046 583 1106; x_wconf 86' lang='lat' dir='ltr'><strong>tas</strong></span> <span class='ocrx_word' id='word_1_69' title='bbox 567 1067 626 1106; x_wconf 90' lang='lat' dir='ltr'><strong>m</strong></span> <span class='ocrx_word' id='word_1_70' title='bbox 649 1047 775 1125; x_wconf 87' lang='lat' dir='ltr'><strong>ipso</strong></span> <span class='ocrx_word' id='word_1_71' title='bbox 803 1046 1068 1126; x_wconf 84' lang='lat' dir='ltr'><strong>conjugio</strong></span> <span class='ocrx_word' id='word_1_72' title='bbox 1094 1054 1216 1115; x_wconf 63' lang='grc' dir='ltr'>θοις</span> <span class='ocrx_word' id='word_1_73' title='bbox 1254 1046 1515 1125; x_wconf 85' lang='lat' dir='ltr'><strong>proxima</strong></span> <span class='ocrx_word' id='word_1_74' title='bbox 1548 1046 1607 1105; x_wconf 90' lang='lat' dir='ltr'><strong>in</strong></span> <span class='ocrx_word' id='word_1_75' title='bbox 1644 1046 1867 1115; x_wconf 79' lang='lat' dir='ltr'><strong>liberis;</strong></span> <span class='ocrx_word' id='word_1_76' title='bbox 1908 1046 2113 1105; x_wconf 88' lang='lat' dir='ltr'><strong>deinde</strong></span> <span class='ocrx_word' id='word_1_77' title='bbox 2138 1067 2254 1106; x_wconf 90' lang='lat' dir='ltr'><strong>una</strong></span> <span class='ocrx_word' id='word_1_78' title='bbox 2281 1047 2392 1108; x_wconf 91' lang='lat' dir='ltr'><strong>do-</strong></span> 
     </span>
     <span class='ocr_line' id='line_1_11' title="bbox 445 1136 2396 1215; baseline 0 -19"><span class='ocrx_word' id='word_1_79' title='bbox 445 1157 598 1206; x_wconf 86' lang='lat' dir='ltr'><strong>mus,</strong></span> <span class='ocrx_word' id='word_1_80' title='bbox 627 1137 952 1197; x_wconf 85' lang='lat' dir='ltr'><strong>communia</strong></span> <span class='ocrx_word' id='word_1_81' title='bbox 977 1137 1182 1197; x_wconf 84' lang='lat' dir='ltr'><strong>omnia.</strong></span> <span class='ocrx_word' id='word_1_82' title='bbox 1265 1136 1341 1195; x_wconf 92' lang='lat' dir='ltr'><strong>Id</strong></span> <span class='ocrx_word' id='word_1_83' title='bbox 1383 1143 1579 1198; x_wconf 84' lang='lat' dir='ltr'><strong>autem</strong></span> <span class='ocrx_word' id='word_1_84' title='bbox 1619 1142 1710 1195; x_wconf 88' lang='lat' dir='ltr'><strong>est</strong></span> <span class='ocrx_word' id='word_1_85' title='bbox 1754 1136 2095 1215; x_wconf 86' lang='lat' dir='ltr'><strong>principium</strong></span> <span class='ocrx_word' id='word_1_86' title='bbox 2120 1137 2297 1208; x_wconf 87' lang='lat' dir='ltr'><strong>urbis,</strong></span> <span class='ocrx_word' id='word_1_87' title='bbox 2328 1145 2396 1196; x_wconf 88' lang='lat' dir='ltr'><strong>et</strong></span> 
     </span>
    </p>

    <p class='ocr_par' dir='ltr' id='par_1_5' title="bbox 384 1225 2396 1485">
     <span class='ocr_line' id='line_1_12' title="bbox 384 1225 2392 1307; baseline -0.002 -18"><span class='ocrx_word' id='word_1_88' title='bbox 384 1236 421 1289; x_wconf 85' lang='lat'><strong>5</strong></span> <span class='ocrx_word' id='word_1_89' title='bbox 451 1227 614 1307; x_wconf 82' lang='lat' dir='ltr'><strong>quasi</strong></span> <span class='ocrx_word' id='word_1_90' title='bbox 650 1227 1017 1290; x_wconf 82' lang='lat' dir='ltr'><strong>seminarium</strong></span> <span class='ocrx_word' id='word_1_91' title='bbox 1051 1226 1133 1285; x_wconf 91' lang='lat' dir='ltr'><strong>rei</strong></span> <span class='ocrx_word' id='word_1_92' title='bbox 1169 1225 1435 1304; x_wconf 79' lang='lat' dir='ltr'><strong>publicae.</strong></span> <span class='ocrx_word' id='word_1_93' title='bbox 1519 1225 1855 1303; x_wconf 79' lang='lat' dir='ltr'><strong>Sequuntur</strong></span> <span class='ocrx_word' id='word_1_94' title='bbox 1878 1225 2119 1291; x_wconf 73' lang='lat' dir='ltr'><strong>fratrum</strong></span> <span class='ocrx_word' id='word_1_95' title='bbox 2147 1228 2392 1307; x_wconf 88' lang='lat' dir='ltr'><strong>conjun-</strong></span> 
     </span>
     <span class='ocr_line' id='line_1_13' title="bbox 450 1296 2396 1395; baseline -0.001 -18"><span class='ocrx_word' id='word_1_96' title='bbox 450 1319 681 1385; x_wconf 89' lang='lat' dir='ltr'><strong>ctiones,</strong></span> <span class='ocrx_word' id='word_1_97' title='bbox 711 1323 849 1395; x_wconf 89' lang='lat' dir='ltr'><strong>post</strong></span> <span class='ocrx_word' id='word_1_98' title='bbox 891 1296 1355 1379; x_wconf 83' lang='lat' dir='ltr'><strong>consobrinorum</strong></span> <span class='ocrx_word' id='word_1_99' title='bbox 1402 1315 1905 1393; x_wconf 88' lang='lat' dir='ltr'><strong>sobrinorumque·</strong></span> <span class='ocrx_word' id='word_1_100' title='bbox 1891 1360 1904 1374; x_wconf 89' lang='lat'>.</span> <span class='ocrx_word' id='word_1_101' title='bbox 1946 1316 2047 1393; x_wconf 81' lang='lat' dir='ltr'><strong>qui</strong></span> <span class='ocrx_word' id='word_1_102' title='bbox 2092 1335 2226 1376; x_wconf 90' lang='lat' dir='ltr'><strong>cum</strong></span> <span class='ocrx_word' id='word_1_103' title='bbox 2269 1337 2396 1376; x_wconf 81' lang='lat' dir='ltr'><strong>una</strong></span> 
     </span>
     <span class='ocr_line' id='line_1_14' title="bbox 451 1404 2393 1485; baseline 0.001 -20"><span class='ocrx_word' id='word_1_104' title='bbox 451 1406 626 1465; x_wconf 89' lang='lat' dir='ltr'><strong>domo</strong></span> <span class='ocrx_word' id='word_1_105' title='bbox 655 1405 780 1485; x_wconf 85' lang='lat' dir='ltr'><strong>jam</strong></span> <span class='ocrx_word' id='word_1_106' title='bbox 805 1405 935 1483; x_wconf 88' lang='lat' dir='ltr'><strong>capi</strong></span> <span class='ocrx_word' id='word_1_107' title='bbox 958 1424 1074 1464; x_wconf 90' lang='lat' dir='ltr'><strong>non</strong></span> <span class='ocrx_word' id='word_1_108' title='bbox 1108 1405 1346 1485; x_wconf 81' lang='lat' dir='ltr'><strong>possint,</strong></span> <span class='ocrx_word' id='word_1_109' title='bbox 1373 1404 1434 1463; x_wconf 92' lang='lat' dir='ltr'><strong>in</strong></span> <span class='ocrx_word' id='word_1_110' title='bbox 1464 1405 1605 1464; x_wconf 86' lang='lat' dir='ltr'><strong>alias</strong></span> <span class='ocrx_word' id='word_1_111' title='bbox 1632 1405 1853 1479; x_wconf 87' lang='lat' dir='ltr'><strong>domos,</strong></span> <span class='ocrx_word' id='word_1_112' title='bbox 1881 1411 2178 1484; x_wconf 78' lang='lat' dir='ltr'><strong>tamquam</strong></span> <span class='ocrx_word' id='word_1_113' title='bbox 2204 1407 2265 1465; x_wconf 93' lang='lat' dir='ltr'><strong>in</strong></span> <span class='ocrx_word' id='word_1_114' title='bbox 2292 1427 2393 1467; x_wconf 90' lang='lat' dir='ltr'><strong>co-</strong></span> 
     </span>
    </p>

    <p class='ocr_par' dir='ltr' id='par_1_6' title="bbox 386 1494 2393 2009">
     <span class='ocr_line' id='line_1_15' title="bbox 386 1494 2392 1575; baseline 0 -20"><span class='ocrx_word' id='word_1_115' title='bbox 386 1502 423 1555; x_wconf 83' lang='lat'>6</span> <span class='ocrx_word' id='word_1_116' title='bbox 450 1496 647 1564; x_wconf 75' lang='lat' dir='ltr'><strong>loniaS,</strong></span> <span class='ocrx_word' id='word_1_117' title='bbox 669 1501 895 1555; x_wconf 84' lang='lat' dir='ltr'><strong>exeunt.</strong></span> <span class='ocrx_word' id='word_1_118' title='bbox 965 1494 1301 1574; x_wconf 74' lang='lat' dir='ltr'><strong>Sequuntur</strong></span> <span class='ocrx_word' id='word_1_119' title='bbox 1321 1496 1602 1555; x_wconf 87' lang='lat' dir='ltr'><strong>connubia</strong></span> <span class='ocrx_word' id='word_1_120' title='bbox 1627 1501 1689 1554; x_wconf 86' lang='lat' dir='ltr'><strong>et</strong></span> <span class='ocrx_word' id='word_1_121' title='bbox 1713 1495 2039 1559; x_wconf 76' lang='lat' dir='ltr'><strong>affinitates:</strong></span> <span class='ocrx_word' id='word_1_122' title='bbox 2080 1514 2154 1555; x_wconf 84' lang='lat' dir='ltr'><strong>ex</strong></span> <span class='ocrx_word' id='word_1_123' title='bbox 2178 1496 2392 1575; x_wconf 83' lang='lat' dir='ltr'><strong>quibus</strong></span> 
     </span>
     <span class='ocr_line' id='line_1_16' title="bbox 451 1584 2393 1666; baseline 0.001 -21"><span class='ocrx_word' id='word_1_124' title='bbox 451 1587 623 1646; x_wconf 87' lang='lat' dir='ltr'><strong>etiam</strong></span> <span class='ocrx_word' id='word_1_125' title='bbox 667 1584 863 1665; x_wconf 83' lang='lat' dir='ltr'><strong>plures</strong></span> <span class='ocrx_word' id='word_1_126' title='bbox 895 1586 1215 1664; x_wconf 81' lang='lat' dir='ltr'><strong>propinqui.</strong></span> <span class='ocrx_word' id='word_1_127' title='bbox 1300 1586 1448 1656; x_wconf 76' lang='lat' dir='ltr'><strong>Quae</strong></span> <span class='ocrx_word' id='word_1_128' title='bbox 1487 1586 1831 1665; x_wconf 79' lang='lat' dir='ltr'><strong>propagatio</strong></span> <span class='ocrx_word' id='word_1_129' title='bbox 1868 1592 1930 1645; x_wconf 87' lang='lat' dir='ltr'><strong>et</strong></span> <span class='ocrx_word' id='word_1_130' title='bbox 1968 1584 2198 1644; x_wconf 79' lang='lat' dir='ltr'><strong>suboles</strong></span> <span class='ocrx_word' id='word_1_131' title='bbox 2225 1587 2393 1666; x_wconf 89' lang='lat' dir='ltr'><strong>origo</strong></span> 
     </span>
     <span class='ocr_line' id='line_1_17' title="bbox 452 1674 2391 1756; baseline 0 -21"><span class='ocrx_word' id='word_1_132' title='bbox 452 1682 542 1736; x_wconf 90' lang='lat' dir='ltr'><strong>est</strong></span> <span class='ocrx_word' id='word_1_133' title='bbox 566 1694 757 1734; x_wconf 87' lang='lat' dir='ltr'><strong>rerum</strong></span> <span class='ocrx_word' id='word_1_134' title='bbox 783 1675 1160 1756; x_wconf 84' lang='lat' dir='ltr'><strong>publicarum</strong></span> <span class='ocrx_word' id='word_1_135' title='bbox 1241 1674 1547 1755; x_wconf 79' lang='lat' dir='ltr'><strong>Sanguinis</strong></span> <span class='ocrx_word' id='word_1_136' title='bbox 1573 1682 1769 1735; x_wconf 91' lang='lat' dir='ltr'><strong>autem</strong></span> <span class='ocrx_word' id='word_1_137' title='bbox 1794 1675 2117 1754; x_wconf 87' lang='lat' dir='ltr'><strong>conjunctio</strong></span> <span class='ocrx_word' id='word_1_138' title='bbox 2144 1682 2205 1734; x_wconf 85' lang='lat' dir='ltr'><strong>et</strong></span> <span class='ocrx_word' id='word_1_139' title='bbox 2231 1676 2391 1735; x_wconf 88' lang='lat' dir='ltr'><strong>beni-</strong></span> 
     </span>
     <span class='ocr_line' id='line_1_18' title="bbox 451 1765 2391 1845; baseline -0.001 -18"><span class='ocrx_word' id='word_1_140' title='bbox 451 1767 698 1827; x_wconf 87' lang='lat' dir='ltr'><strong>volentia</strong></span> <span class='ocrx_word' id='word_1_141' title='bbox 717 1766 963 1829; x_wconf 79' lang='lat' dir='ltr'><strong>devincit</strong></span> <span class='ocrx_word' id='word_1_142' title='bbox 989 1767 1246 1826; x_wconf 88' lang='lat' dir='ltr'><strong>homines</strong></span> <span class='ocrx_word' id='word_1_143' title='bbox 1271 1773 1332 1825; x_wconf 90' lang='lat' dir='ltr'><strong>et</strong></span> <span class='ocrx_word' id='word_1_144' title='bbox 1360 1765 1612 1839; x_wconf 80' lang='lat' dir='ltr'><strong>caritate.</strong></span> <span class='ocrx_word' id='word_1_145' title='bbox 1699 1765 1977 1845; x_wconf 84' lang='lat' dir='ltr'><strong>Magnum</strong></span> <span class='ocrx_word' id='word_1_146' title='bbox 2001 1771 2091 1824; x_wconf 87' lang='lat' dir='ltr'><strong>est</strong></span> <span class='ocrx_word' id='word_1_147' title='bbox 2116 1766 2266 1824; x_wconf 88' lang='lat' dir='ltr'><strong>enim</strong></span> <span class='ocrx_word' id='word_1_148' title='bbox 2292 1785 2391 1825; x_wconf 86' lang='lat' dir='ltr'><strong>ea·</strong></span> 
     </span>
     <span class='ocr_line' id='line_1_19' title="bbox 453 1852 2393 1936; baseline -0.002 -18"><span class='ocrx_word' id='word_1_149' title='bbox 453 1857 588 1918; x_wconf 92' lang='lat' dir='ltr'><strong>dem</strong></span> <span class='ocrx_word' id='word_1_150' title='bbox 614 1856 828 1923; x_wconf 79' lang='lat' dir='ltr'><strong>habere</strong></span> <span class='ocrx_word' id='word_1_151' title='bbox 853 1864 1221 1920; x_wconf 89' lang='lat' dir='ltr'><strong>monumenta</strong></span> <span class='ocrx_word' id='word_1_152' title='bbox 1245 1855 1548 1936; x_wconf 77' lang='lat' dir='ltr'><strong>majorum,</strong></span> <span class='ocrx_word' id='word_1_153' title='bbox 1570 1852 1785 1918; x_wconf 83' lang='lat' dir='ltr'><strong>eisdem</strong></span> <span class='ocrx_word' id='word_1_154' title='bbox 1806 1854 1894 1914; x_wconf 91' lang='lat' dir='ltr'><strong>uti</strong></span> <span class='ocrx_word' id='word_1_155' title='bbox 1912 1853 2103 1925; x_wconf 68' lang='lat' dir='ltr'><strong>saeris,</strong></span> <span class='ocrx_word' id='word_1_156' title='bbox 2124 1855 2393 1934; x_wconf 84' lang='lat' dir='ltr'><strong>sepulcra</strong></span> 
     </span>
     <span class='ocr_line' id='line_1_20' title="bbox 451 1948 1033 2009; baseline 0.003 -2"><span class='ocrx_word' id='word_1_157' title='bbox 451 1949 665 2007; x_wconf 82' lang='lat' dir='ltr'><strong>habere</strong></span> <span class='ocrx_word' id='word_1_158' title='bbox 693 1948 1033 2009; x_wconf 87' lang='lat' dir='ltr'><strong>communia.</strong></span> 
     </span>
    </p>

    <p class='ocr_par' dir='ltr' id='par_1_7' title="bbox 387 2034 2394 2381">
     <span class='ocr_line' id='line_1_21' title="bbox 387 2034 2394 2115; baseline -0.003 -16"><span class='ocrx_word' id='word_1_159' title='bbox 387 2037 424 2099; x_wconf 82' lang='grc'><strong>’1</strong></span> <span class='ocrx_word' id='word_1_160' title='bbox 532 2037 651 2096; x_wconf 89' lang='lat' dir='ltr'><strong>Sed</strong></span> <span class='ocrx_word' id='word_1_161' title='bbox 705 2034 959 2097; x_wconf 80' lang='lat' dir='ltr'><strong>omnium</strong></span> <span class='ocrx_word' id='word_1_162' title='bbox 1023 2036 1363 2099; x_wconf 77' lang='lat' dir='ltr'><strong>societatum</strong></span> <span class='ocrx_word' id='word_1_163' title='bbox 1412 2034 1572 2097; x_wconf 81' lang='lat' dir='ltr'><strong>nulla</strong></span> <span class='ocrx_word' id='word_1_164' title='bbox 1635 2034 2002 2115; x_wconf 76' lang='lat' dir='ltr'><strong>praestantior</strong></span> <span class='ocrx_word' id='word_1_165' title='bbox 2067 2042 2176 2104; x_wconf 87' lang='lat' dir='ltr'><strong>est,</strong></span> <span class='ocrx_word' id='word_1_166' title='bbox 2231 2034 2394 2093; x_wconf 87' lang='lat' dir='ltr'><strong>nulla</strong></span> 
     </span>
     <span class='ocr_line' id='line_1_22' title="bbox 453 2124 2392 2203; baseline -0.002 -18"><span class='ocrx_word' id='word_1_167' title='bbox 453 2126 678 2195; x_wconf 83' lang='lat' dir='ltr'><strong>firmior,</strong></span> <span class='ocrx_word' id='word_1_168' title='bbox 708 2143 882 2203; x_wconf 89' lang='lat' dir='ltr'><strong>quam</strong></span> <span class='ocrx_word' id='word_1_169' title='bbox 911 2144 1044 2185; x_wconf 89' lang='lat' dir='ltr'><strong>cum</strong></span> <span class='ocrx_word' id='word_1_170' title='bbox 1076 2125 1182 2184; x_wconf 86' lang='lat' dir='ltr'><strong>viri</strong></span> <span class='ocrx_word' id='word_1_171' title='bbox 1219 2124 1372 2194; x_wconf 88' lang='lat' dir='ltr'><strong>boni,</strong></span> <span class='ocrx_word' id='word_1_172' title='bbox 1400 2125 1654 2185; x_wconf 87' lang='lat' dir='ltr'><strong>moribus</strong></span> <span class='ocrx_word' id='word_1_173' title='bbox 1694 2124 1922 2194; x_wconf 71' lang='lat' dir='ltr'><strong>simileS,</strong></span> <span class='ocrx_word' id='word_1_174' title='bbox 1950 2130 2085 2183; x_wconf 82' lang='lat' dir='ltr'><strong>sunt</strong></span> <span class='ocrx_word' id='word_1_175' title='bbox 2108 2124 2392 2183; x_wconf 85' lang='lat' dir='ltr'><strong>familiari-</strong></span> 
     </span>
     <span class='ocr_line' id='line_1_23' title="bbox 452 2213 2391 2295; baseline -0.001 -21"><span class='ocrx_word' id='word_1_176' title='bbox 452 2222 574 2274; x_wconf 85' lang='lat' dir='ltr'><strong>tate</strong></span> <span class='ocrx_word' id='word_1_177' title='bbox 601 2215 904 2293; x_wconf 82' lang='lat' dir='ltr'><strong>conjuncti</strong></span> <span class='ocrx_word' id='word_1_178' title='bbox 984 2213 1139 2273; x_wconf 91' lang='lat' dir='ltr'><strong>Illud</strong></span> <span class='ocrx_word' id='word_1_179' title='bbox 1180 2214 1332 2280; x_wconf 88' lang='lat' dir='ltr'><strong>enim</strong></span> <span class='ocrx_word' id='word_1_180' title='bbox 1373 2214 1677 2275; x_wconf 86' lang='lat' dir='ltr'><strong>honestum</strong></span> <span class='ocrx_word' id='word_1_181' title='bbox 1705 2214 1886 2293; x_wconf 88' lang='lat' dir='ltr'><strong>(quod</strong></span> <span class='ocrx_word' id='word_1_182' title='bbox 1925 2232 2085 2293; x_wconf 75' lang='lat' dir='ltr'><strong>saepe</strong></span> <span class='ocrx_word' id='word_1_183' title='bbox 2124 2213 2391 2295; x_wconf 76' lang='lat' dir='ltr'><strong>dicimus)</strong></span> 
     </span>
     <span class='ocr_line' id='line_1_24' title="bbox 456 2303 2393 2381; baseline 0 -17"><span class='ocrx_word' id='word_1_184' title='bbox 456 2305 630 2364; x_wconf 89' lang='lat' dir='ltr'><strong>etiam</strong></span> <span class='ocrx_word' id='word_1_185' title='bbox 657 2304 707 2363; x_wconf 91' lang='lat' dir='ltr'><strong>si</strong></span> <span class='ocrx_word' id='word_1_186' title='bbox 731 2304 791 2362; x_wconf 88' lang='lat' dir='ltr'><strong>in</strong></span> <span class='ocrx_word' id='word_1_187' title='bbox 816 2305 927 2364; x_wconf 88' lang='lat' dir='ltr'><strong>alio</strong></span> <span class='ocrx_word' id='word_1_188' title='bbox 955 2303 1254 2373; x_wconf 84' lang='lat' dir='ltr'><strong>cernimus,</strong></span> <span class='ocrx_word' id='word_1_189' title='bbox 1282 2311 1477 2363; x_wconf 89' lang='lat' dir='ltr'><strong>tamen</strong></span> <span class='ocrx_word' id='word_1_190' title='bbox 1515 2323 1620 2363; x_wconf 87' lang='lat' dir='ltr'><strong>nos</strong></span> <span class='ocrx_word' id='word_1_191' title='bbox 1646 2310 1842 2363; x_wconf 86' lang='lat' dir='ltr'><strong>movet</strong></span> <span class='ocrx_word' id='word_1_192' title='bbox 1866 2310 2042 2381; x_wconf 83' lang='lat' dir='ltr'><strong>atque</strong></span> <span class='ocrx_word' id='word_1_193' title='bbox 2063 2304 2161 2373; x_wconf 84' lang='lat' dir='ltr'><strong>ini,</strong></span> <span class='ocrx_word' id='word_1_194' title='bbox 2188 2304 2250 2363; x_wconf 84' lang='lat' dir='ltr'><strong>in</strong></span> <span class='ocrx_word' id='word_1_195' title='bbox 2273 2322 2393 2381; x_wconf 88' lang='lat' dir='ltr'><strong>quo</strong></span> 
     </span>
    </p>

    <p class='ocr_par' dir='ltr' id='par_1_8' title="bbox 390 2392 2393 2654">
     <span class='ocr_line' id='line_1_25' title="bbox 390 2392 2392 2471; baseline -0.001 -16"><span class='ocrx_word' id='word_1_196' title='bbox 390 2401 427 2464; x_wconf 83' lang='lat'>8</span> <span class='ocrx_word' id='word_1_197' title='bbox 453 2394 556 2462; x_wconf 86' lang='lat' dir='ltr'><strong>id</strong></span> <span class='ocrx_word' id='word_1_198' title='bbox 539 2412 724 2465; x_wconf 82' lang='lat' dir='ltr'><strong>messe</strong></span> <span class='ocrx_word' id='word_1_199' title='bbox 748 2394 990 2463; x_wconf 83' lang='lat' dir='ltr'><strong>videtur,</strong></span> <span class='ocrx_word' id='word_1_200' title='bbox 1019 2393 1231 2453; x_wconf 86' lang='lat' dir='ltr'><strong>amicos</strong></span> <span class='ocrx_word' id='word_1_201' title='bbox 1267 2394 1420 2454; x_wconf 83' lang='lat' dir='ltr'><strong>facit.</strong></span> <span class='ocrx_word' id='word_1_202' title='bbox 1500 2393 1580 2453; x_wconf 90' lang='lat' dir='ltr'><strong>Et</strong></span> <span class='ocrx_word' id='word_1_203' title='bbox 1618 2411 1962 2471; x_wconf 89' lang='lat' dir='ltr'><strong>quamquam</strong></span> <span class='ocrx_word' id='word_1_204' title='bbox 2004 2393 2186 2453; x_wconf 88' lang='lat' dir='ltr'><strong>omnis</strong></span> <span class='ocrx_word' id='word_1_205' title='bbox 2210 2392 2392 2453; x_wconf 84' lang='lat' dir='ltr'><strong>virtus</strong></span> 
     </span>
     <span class='ocr_line' id='line_1_26' title="bbox 452 2481 2393 2562; baseline 0 -18"><span class='ocrx_word' id='word_1_206' title='bbox 452 2504 559 2553; x_wconf 80' lang='lat' dir='ltr'><strong>nos</strong></span> <span class='ocrx_word' id='word_1_207' title='bbox 597 2484 675 2544; x_wconf 89' lang='lat' dir='ltr'><strong>ad</strong></span> <span class='ocrx_word' id='word_1_208' title='bbox 718 2503 780 2543; x_wconf 89' lang='lat' dir='ltr'><strong>se</strong></span> <span class='ocrx_word' id='word_1_209' title='bbox 819 2484 993 2544; x_wconf 80' lang='lat' dir='ltr'><strong>allicit</strong></span> <span class='ocrx_word' id='word_1_210' title='bbox 1031 2484 1296 2562; x_wconf 86' lang='lat' dir='ltr'><strong>facitque,</strong></span> <span class='ocrx_word' id='word_1_211' title='bbox 1327 2490 1396 2542; x_wconf 91' lang='lat' dir='ltr'><strong>ut</strong></span> <span class='ocrx_word' id='word_1_212' title='bbox 1432 2502 1533 2542; x_wconf 90' lang='lat' dir='ltr'><strong>eos</strong></span> <span class='ocrx_word' id='word_1_213' title='bbox 1570 2482 1890 2562; x_wconf 83' lang='lat' dir='ltr'><strong>diligamus,</strong></span> <span class='ocrx_word' id='word_1_214' title='bbox 1918 2481 1979 2541; x_wconf 92' lang='lat' dir='ltr'><strong>in</strong></span> <span class='ocrx_word' id='word_1_215' title='bbox 2016 2483 2225 2561; x_wconf 87' lang='lat' dir='ltr'><strong>quibus</strong></span> <span class='ocrx_word' id='word_1_216' title='bbox 2263 2483 2393 2561; x_wconf 80' lang='lat' dir='ltr'><strong>ipsa</strong></span> 
     </span>
     <span class='ocr_line' id='line_1_27' title="bbox 452 2571 2391 2654; baseline -0.003 -19"><span class='ocrx_word' id='word_1_217' title='bbox 452 2575 636 2642; x_wconf 84' lang='lat' dir='ltr'><strong>inesse</strong></span> <span class='ocrx_word' id='word_1_218' title='bbox 662 2574 955 2637; x_wconf 87' lang='lat' dir='ltr'><strong>videatur:</strong></span> <span class='ocrx_word' id='word_1_219' title='bbox 997 2581 1190 2637; x_wconf 82' lang='lat' dir='ltr'><strong>tamen</strong></span> <span class='ocrx_word' id='word_1_220' title='bbox 1226 2573 1465 2654; x_wconf 85' lang='lat' dir='ltr'><strong>justitia,</strong></span> <span class='ocrx_word' id='word_1_221' title='bbox 1494 2578 1554 2631; x_wconf 84' lang='lat' dir='ltr'><strong>et</strong></span> <span class='ocrx_word' id='word_1_222' title='bbox 1579 2572 1886 2632; x_wconf 84' lang='lat' dir='ltr'><strong>liberalitas</strong></span> <span class='ocrx_word' id='word_1_223' title='bbox 1912 2571 1972 2631; x_wconf 91' lang='lat' dir='ltr'><strong>id</strong></span> <span class='ocrx_word' id='word_1_224' title='bbox 1997 2571 2245 2645; x_wconf 84' lang='lat' dir='ltr'><strong>maxime</strong></span> <span class='ocrx_word' id='word_1_225' title='bbox 2272 2573 2391 2631; x_wconf 90' lang='lat' dir='ltr'><strong>effi-</strong></span> 
     </span>
    </p>

    <p class='ocr_par' dir='ltr' id='par_1_9' title="bbox 390 2661 2392 3011">
     <span class='ocr_line' id='line_1_28' title="bbox 390 2661 2390 2741; baseline -0.003 -15"><span class='ocrx_word' id='word_1_226' title='bbox 390 2671 426 2726; x_wconf 85' lang='lat'>9</span> <span class='ocrx_word' id='word_1_227' title='bbox 455 2665 549 2733; x_wconf 83' lang='lat' dir='ltr'><strong>cit.</strong></span> <span class='ocrx_word' id='word_1_228' title='bbox 631 2664 791 2725; x_wconf 87' lang='lat' dir='ltr'><strong>Nihil</strong></span> <span class='ocrx_word' id='word_1_229' title='bbox 817 2671 1011 2723; x_wconf 84' lang='lat' dir='ltr'><strong>autem</strong></span> <span class='ocrx_word' id='word_1_230' title='bbox 1038 2671 1128 2724; x_wconf 90' lang='lat' dir='ltr'><strong>est</strong></span> <span class='ocrx_word' id='word_1_231' title='bbox 1153 2662 1448 2725; x_wconf 85' lang='lat' dir='ltr'><strong>amabilius</strong></span> <span class='ocrx_word' id='word_1_232' title='bbox 1471 2681 1579 2722; x_wconf 89' lang='lat' dir='ltr'><strong>nec</strong></span> <span class='ocrx_word' id='word_1_233' title='bbox 1606 2661 1943 2741; x_wconf 87' lang='lat' dir='ltr'><strong>copulatius,</strong></span> <span class='ocrx_word' id='word_1_234' title='bbox 1965 2681 2138 2740; x_wconf 89' lang='lat' dir='ltr'><strong>quam</strong></span> <span class='ocrx_word' id='word_1_235' title='bbox 2164 2681 2390 2721; x_wconf 90' lang='lat' dir='ltr'><strong>morum</strong></span> 
     </span>
     <span class='ocr_line' id='line_1_29' title="bbox 455 2746 2389 2831; baseline 0 -18"><span class='ocrx_word' id='word_1_236' title='bbox 455 2753 768 2813; x_wconf 86' lang='lat' dir='ltr'><strong>similitudo</strong></span> <span class='ocrx_word' id='word_1_237' title='bbox 814 2754 1110 2815; x_wconf 88' lang='lat' dir='ltr'><strong>bonorum.</strong></span> <span class='ocrx_word' id='word_1_238' title='bbox 1150 2746 1153 2749; x_wconf 31' lang='lat'><em>¹</em></span> <span class='ocrx_word' id='word_1_239' title='bbox 1192 2753 1265 2811; x_wconf 91' lang='lat' dir='ltr'><strong>In</strong></span> <span class='ocrx_word' id='word_1_240' title='bbox 1312 2753 1520 2831; x_wconf 89' lang='lat' dir='ltr'><strong>quibus</strong></span> <span class='ocrx_word' id='word_1_241' title='bbox 1561 2751 1712 2811; x_wconf 87' lang='lat' dir='ltr'><strong>enim</strong></span> <span class='ocrx_word' id='word_1_242' title='bbox 1759 2752 1962 2813; x_wconf 89' lang='lat' dir='ltr'><strong>eadem</strong></span> <span class='ocrx_word' id='word_1_243' title='bbox 2010 2751 2200 2812; x_wconf 87' lang='lat' dir='ltr'><strong>studia</strong></span> <span class='ocrx_word' id='word_1_244' title='bbox 2236 2758 2389 2821; x_wconf 81' lang='lat' dir='ltr'><strong>sunt,</strong></span> 
     </span>
     <span class='ocr_line' id='line_1_30' title="bbox 455 2839 2390 2920; baseline -0.001 -19"><span class='ocrx_word' id='word_1_245' title='bbox 455 2842 675 2901; x_wconf 84' lang='lat' dir='ltr'><strong>eaedem</strong></span> <span class='ocrx_word' id='word_1_246' title='bbox 718 2841 1059 2911; x_wconf 51' lang='lat' dir='ltr'><strong>voluntate&amp;</strong></span> <span class='ocrx_word' id='word_1_247' title='bbox 1106 2842 1181 2900; x_wconf 70' lang='lat' dir='ltr'><strong>in‹</strong></span> <span class='ocrx_word' id='word_1_248' title='bbox 1208 2841 1301 2900; x_wconf 86' lang='lat' dir='ltr'><strong>his</strong></span> <span class='ocrx_word' id='word_1_249' title='bbox 1348 2843 1431 2912; x_wconf 88' lang='lat' dir='ltr'><strong>fit,</strong></span> <span class='ocrx_word' id='word_1_250' title='bbox 1478 2847 1548 2900; x_wconf 92' lang='lat' dir='ltr'><strong>ut</strong></span> <span class='ocrx_word' id='word_1_251' title='bbox 1586 2860 1755 2920; x_wconf 78' lang='lat' dir='ltr'><strong>aeque</strong></span> <span class='ocrx_word' id='word_1_252' title='bbox 1794 2841 2033 2920; x_wconf 91' lang='lat' dir='ltr'><strong>quisque</strong></span> <span class='ocrx_word' id='word_1_253' title='bbox 2072 2841 2252 2901; x_wconf 86' lang='lat' dir='ltr'><strong>altero</strong></span> <span class='ocrx_word' id='word_1_254' title='bbox 2292 2839 2390 2900; x_wconf 82' lang='lat' dir='ltr'><strong>de·</strong></span> 
     </span>
     <span class='ocr_line' id='line_1_31' title="bbox 453 2929 2392 3011; baseline -0.002 -19"><span class='ocrx_word' id='word_1_255' title='bbox 453 2933 713 3011; x_wconf 87' lang='lat' dir='ltr'><strong>lectetur‚</strong></span> <span class='ocrx_word' id='word_1_256' title='bbox 740 2951 810 2991; x_wconf 90' lang='lat' dir='ltr'><strong>ac</strong></span> <span class='ocrx_word' id='word_1_257' title='bbox 836 2950 899 2990; x_wconf 87' lang='lat' dir='ltr'><strong>se</strong></span> <span class='ocrx_word' id='word_1_258' title='bbox 924 2931 1083 3010; x_wconf 89' lang='lat' dir='ltr'><strong>ipso:</strong></span> <span class='ocrx_word' id='word_1_259' title='bbox 1126 2931 1479 3010; x_wconf 90' lang='lat' dir='ltr'><strong>efficiturque</strong></span> <span class='ocrx_word' id='word_1_260' title='bbox 1503 2931 1582 3001; x_wconf 89' lang='lat' dir='ltr'><strong>id,</strong></span> <span class='ocrx_word' id='word_1_261' title='bbox 1612 2931 1769 3010; x_wconf 91' lang='lat' dir='ltr'><strong>quod</strong></span> <span class='ocrx_word' id='word_1_262' title='bbox 1791 2931 2158 3010; x_wconf 83' lang='lat' dir='ltr'><strong>Pythagoras</strong></span> <span class='ocrx_word' id='word_1_263' title='bbox 2183 2930 2309 2990; x_wconf 85' lang='lat' dir='ltr'><strong>vult</strong></span> <span class='ocrx_word' id='word_1_264' title='bbox 2332 2929 2392 2995; x_wconf 88' lang='lat' dir='ltr'><strong>in</strong></span> 
     </span>
    </p>

    <p class='ocr_par' dir='ltr' id='par_1_10' title="bbox 351 3020 2393 3349">
     <span class='ocr_line' id='line_1_32' title="bbox 351 3020 2391 3101; baseline -0.003 -18"><span class='ocrx_word' id='word_1_265' title='bbox 351 3027 430 3083; x_wconf 89' lang='grc'><strong>10</strong></span> <span class='ocrx_word' id='word_1_266' title='bbox 456 3020 718 3091; x_wconf 86' lang='lat' dir='ltr'><strong>amicitia,</strong></span> <span class='ocrx_word' id='word_1_267' title='bbox 745 3027 815 3080; x_wconf 86' lang='lat' dir='ltr'><strong>ut</strong></span> <span class='ocrx_word' id='word_1_268' title='bbox 853 3039 1002 3083; x_wconf 87' lang='lat' dir='ltr'><strong>unus</strong></span> <span class='ocrx_word' id='word_1_269' title='bbox 1047 3021 1149 3080; x_wconf 87' lang='lat' dir='ltr'><strong>fiat</strong></span> <span class='ocrx_word' id='word_1_270' title='bbox 1189 3039 1279 3099; x_wconf 28' lang='lat' dir='ltr'><strong>ex,</strong></span> <span class='ocrx_word' id='word_1_271' title='bbox 1306 3021 1583 3101; x_wconf 89' lang='lat' dir='ltr'><strong>pluribus.</strong></span> <span class='ocrx_word' id='word_1_272' title='bbox 1665 3021 1881 3100; x_wconf 88' lang='lat' dir='ltr'><strong>Magna</strong></span> <span class='ocrx_word' id='word_1_273' title='bbox 1918 3020 2090 3079; x_wconf 92' lang='lat' dir='ltr'><strong>etiam</strong></span> <span class='ocrx_word' id='word_1_274' title='bbox 2114 3020 2211 3081; x_wconf 85' lang='lat' dir='ltr'><strong>illa</strong></span> <span class='ocrx_word' id='word_1_275' title='bbox 2236 3038 2391 3083; x_wconf 58' lang='lat' dir='ltr'><strong>com,</strong></span> 
     </span>
     <span class='ocr_line' id='line_1_33' title="bbox 454 3108 2393 3188; baseline -0.002 -16"><span class='ocrx_word' id='word_1_276' title='bbox 454 3110 702 3172; x_wconf 85' lang='lat' dir='ltr'><strong>munitas</strong></span> <span class='ocrx_word' id='word_1_277' title='bbox 729 3117 834 3182; x_wconf 88' lang='lat' dir='ltr'><strong>est,</strong></span> <span class='ocrx_word' id='word_1_278' title='bbox 864 3129 997 3188; x_wconf 81' lang='lat' dir='ltr'><strong>quae</strong></span> <span class='ocrx_word' id='word_1_279' title='bbox 1021 3110 1316 3171; x_wconf 86' lang='lat' dir='ltr'><strong>conficitur</strong></span> <span class='ocrx_word' id='word_1_280' title='bbox 1354 3130 1427 3169; x_wconf 85' lang='lat' dir='ltr'><strong>ex</strong></span> <span class='ocrx_word' id='word_1_281' title='bbox 1467 3110 1751 3170; x_wconf 88' lang='lat' dir='ltr'><strong>beneficiis</strong></span> <span class='ocrx_word' id='word_1_282' title='bbox 1790 3109 1943 3169; x_wconf 88' lang='lat' dir='ltr'><strong>ultro</strong></span> <span class='ocrx_word' id='word_1_283' title='bbox 1978 3115 2040 3168; x_wconf 91' lang='lat' dir='ltr'><strong>et</strong></span> <span class='ocrx_word' id='word_1_284' title='bbox 2074 3109 2218 3176; x_wconf 79' lang='lat' dir='ltr'><strong>citro</strong></span> <span class='ocrx_word' id='word_1_285' title='bbox 2243 3108 2393 3179; x_wconf 73' lang='lat' dir='ltr'><strong>datis</strong></span> 
     </span>
     <span class='ocr_line' id='line_1_34' title="bbox 454 3198 2392 3281; baseline -0.001 -20"><span class='ocrx_word' id='word_1_286' title='bbox 454 3201 846 3281; x_wconf 86' lang='lat' dir='ltr'><strong>acceptisque:</strong></span> <span class='ocrx_word' id='word_1_287' title='bbox 887 3219 1020 3279; x_wconf 84' lang='lat' dir='ltr'><strong>quae</strong></span> <span class='ocrx_word' id='word_1_288' title='bbox 1050 3207 1110 3259; x_wconf 86' lang='lat' dir='ltr'><strong>et</strong></span> <span class='ocrx_word' id='word_1_289' title='bbox 1134 3207 1337 3261; x_wconf 89' lang='lat' dir='ltr'><strong>mutua</strong></span> <span class='ocrx_word' id='word_1_290' title='bbox 1361 3205 1423 3258; x_wconf 91' lang='lat' dir='ltr'><strong>et</strong></span> <span class='ocrx_word' id='word_1_291' title='bbox 1447 3206 1614 3280; x_wconf 88' lang='lat' dir='ltr'><strong>grata</strong></span> <span class='ocrx_word' id='word_1_292' title='bbox 1640 3198 1781 3258; x_wconf 90' lang='lat' dir='ltr'><strong>dum</strong></span> <span class='ocrx_word' id='word_1_293' title='bbox 1807 3205 1960 3268; x_wconf 82' lang='lat' dir='ltr'><strong>sunt,</strong></span> <span class='ocrx_word' id='word_1_294' title='bbox 1980 3199 2128 3263; x_wconf 78' lang='lat' dir='ltr'><strong>inter</strong></span> <span class='ocrx_word' id='word_1_295' title='bbox 2153 3217 2297 3277; x_wconf 86' lang='lat' dir='ltr'><strong>quos</strong></span> <span class='ocrx_word' id='word_1_296' title='bbox 2321 3217 2392 3261; x_wconf 84' lang='lat' dir='ltr'><strong>ea</strong></span> 
     </span>
     <span class='ocr_line' id='line_1_35' title="bbox 455 3289 1508 3349; baseline -0.001 0"><span class='ocrx_word' id='word_1_297' title='bbox 455 3297 591 3349; x_wconf 88' lang='lat' dir='ltr'><strong>sunt</strong></span> <span class='ocrx_word' id='word_1_298' title='bbox 615 3291 777 3349; x_wconf 87' lang='lat' dir='ltr'><strong>firma</strong></span> <span class='ocrx_word' id='word_1_299' title='bbox 801 3289 1195 3349; x_wconf 84' lang='lat' dir='ltr'><strong>devinciuntur</strong></span> <span class='ocrx_word' id='word_1_300' title='bbox 1220 3289 1508 3349; x_wconf 88' lang='lat' dir='ltr'><strong>societate.</strong></span> 
     </span>
    </p>

    <p class='ocr_par' dir='ltr' id='par_1_11' title="bbox 354 3345 2392 3547">
     <span class='ocr_line' id='line_1_36' title="bbox 354 3345 2391 3456; baseline -0.002 -18"><span class='ocrx_word' id='word_1_301' title='bbox 354 3383 426 3439; x_wconf 85' lang='lat'><strong>11</strong></span> <span class='ocrx_word' id='word_1_302' title='bbox 538 3379 658 3440; x_wconf 88' lang='lat' dir='ltr'><strong>Sed</strong></span> <span class='ocrx_word' id='word_1_303' title='bbox 704 3399 837 3439; x_wconf 91' lang='lat' dir='ltr'><strong>cum</strong></span> <span class='ocrx_word' id='word_1_304' title='bbox 880 3380 1067 3439; x_wconf 86' lang='lat' dir='ltr'><strong>omnia</strong></span> <span class='ocrx_word' id='word_1_305' title='bbox 1108 3379 1325 3438; x_wconf 89' lang='lat' dir='ltr'><strong>ratione</strong></span> <span class='ocrx_word' id='word_1_306' title='bbox 1365 3379 1664 3456; x_wconf 89' lang='lat' dir='ltr'><strong>animoque</strong></span> <span class='ocrx_word' id='word_1_307' title='bbox 1703 3345 1981 3446; x_wconf 83' lang='lat' dir='ltr'><strong>lustraris,</strong></span> <span class='ocrx_word' id='word_1_308' title='bbox 2010 3376 2263 3435; x_wconf 89' lang='lat' dir='ltr'><strong>omnium</strong></span> <span class='ocrx_word' id='word_1_309' title='bbox 2301 3394 2391 3435; x_wconf 80' lang='lat' dir='ltr'><strong>so</strong></span> 
     </span>
     <span class='ocr_line' id='line_1_37' title="bbox 458 3468 2392 3547; baseline 0 -21"><span class='ocrx_word' id='word_1_310' title='bbox 458 3468 732 3528; x_wconf 84' lang='lat' dir='ltr'><strong>cietatum</strong></span> <span class='ocrx_word' id='word_1_311' title='bbox 769 3468 926 3529; x_wconf 88' lang='lat' dir='ltr'><strong>nulla</strong></span> <span class='ocrx_word' id='word_1_312' title='bbox 968 3475 1058 3527; x_wconf 88' lang='lat' dir='ltr'><strong>est</strong></span> <span class='ocrx_word' id='word_1_313' title='bbox 1097 3469 1342 3547; x_wconf 86' lang='lat' dir='ltr'><strong>gravior,</strong></span> <span class='ocrx_word' id='word_1_314' title='bbox 1370 3468 1529 3526; x_wconf 81' lang='lat' dir='ltr'><strong>nulla</strong></span> <span class='ocrx_word' id='word_1_315' title='bbox 1554 3468 1751 3535; x_wconf 87' lang='lat' dir='ltr'><strong>carior,</strong></span> <span class='ocrx_word' id='word_1_316' title='bbox 1782 3469 1957 3546; x_wconf 78' lang='lat' dir='ltr'><strong>quam</strong></span> <span class='ocrx_word' id='word_1_317' title='bbox 1983 3484 2069 3534; x_wconf 87' lang='lat' dir='ltr'><strong>ea,</strong></span> <span class='ocrx_word' id='word_1_318' title='bbox 2100 3484 2233 3544; x_wconf 83' lang='lat' dir='ltr'><strong>quae</strong></span> <span class='ocrx_word' id='word_1_319' title='bbox 2262 3483 2392 3526; x_wconf 85' lang='lat' dir='ltr'><strong>oum</strong></span> 
     </span>
    </p>

    <p class='ocr_par' dir='ltr' id='par_1_12' title="bbox 356 3551 2393 3636">
     <span class='ocr_line' id='line_1_38' title="bbox 356 3551 2393 3636; baseline -0.002 -16"><span class='ocrx_word' id='word_1_320' title='bbox 356 3561 433 3621; x_wconf 77' lang='lat'><strong>12</strong></span> <span class='ocrx_word' id='word_1_321' title='bbox 460 3575 525 3619; x_wconf 80' lang='lat' dir='ltr'><strong>re</strong></span> <span class='ocrx_word' id='word_1_322' title='bbox 549 3557 783 3636; x_wconf 88' lang='lat' dir='ltr'><strong>publica</strong></span> <span class='ocrx_word' id='word_1_323' title='bbox 807 3564 898 3616; x_wconf 89' lang='lat' dir='ltr'><strong>est</strong></span> <span class='ocrx_word' id='word_1_324' title='bbox 922 3557 1222 3636; x_wconf 89' lang='lat' dir='ltr'><strong>unicuique</strong></span> <span class='ocrx_word' id='word_1_325' title='bbox 1262 3563 1540 3616; x_wconf 83' lang='lat' dir='ltr'><strong>nostrum.</strong></span> <span class='ocrx_word' id='word_1_326' title='bbox 1621 3557 1757 3621; x_wconf 79' lang='lat' dir='ltr'><strong>Cari</strong></span> <span class='ocrx_word' id='word_1_327' title='bbox 1795 3561 1929 3627; x_wconf 83' lang='lat' dir='ltr'><strong>sunt</strong></span> <span class='ocrx_word' id='word_1_328' title='bbox 1969 3561 2253 3634; x_wconf 70' lang='lat' dir='ltr'><strong>parentes,</strong></span> <span class='ocrx_word' id='word_1_329' title='bbox 2280 3551 2393 3615; x_wconf 80' lang='lat' dir='ltr'><strong>cari</strong></span> 
     </span>
    </p>
   </div>
   <div class='ocr_carea' id='block_1_3' title="bbox 2544 1353 2547 4079">
    <p class='ocr_par' dir='ltr' id='par_1_13' title="bbox 2544 1353 2547 4079">
     <span class='ocr_line' id='line_1_39' title="bbox 2544 1353 2547 4079; baseline 0 0"><span class='ocrx_word' id='word_1_330' title='bbox 2544 1353 2547 4079; x_wconf 95' lang='lat' dir='ltr'><strong> </strong></span> 
     </span>
    </p>
   </div>
  </div>
 </body>
</html>
