2592 4142
405 269 484 325 98
1065 333 1070 338 ⁵
1246 281 1324 320 nn
1353 280 1608 331 omens

509 411 796 491 opposuit,
845 410 1093 489 speciem
1139 410 1454 470 honestatis
1495 428 1682 487 neque
1731 409 2101 488 probabilem,
2148 430 2263 471 nec
2308 427 2437 471 sanc

508 502 787 561 idoneam.
867 501 1137 560 Peccavit
1161 500 1352 579 igitur,
1380 519 1525 578 pace
1551 501 1642 560 vel
1670 500 1886 570 Quirini
1909 501 2003 560 vel
2028 502 2264 560 Romuli
2288 502 2430 561 dixe·

445 597 482 651 6
510 592 633 650 rim.
714 592 839 650 Nec
887 598 1082 650 tamen
1126 597 1340 649 nostrae
1385 591 1550 650 nobis
1595 591 1869 657 utilitates
1914 591 2252 650 omittendae
2292 599 2434 661 sunt,

509 682 743 758 aliisque
782 680 1116 750 tradendae,·
1137 700 1270 739 cum
1308 680 1399 739 his
1436 680 1546 759 ipsi,
1583 675 1891 759 egeamus:
1933 681 2034 740 sed
2075 700 2200 740 suae
2239 682 2436 760 cuique

444 772 480 832 ’1
508 771 753 839 utilitati,
772 770 928 849 quod
954 769 1075 829 sine
1100 771 1332 832 alterius
1357 771 1561 849 injuria
1586 772 1703 839 fiat,
1723 771 2080 831 serviendum
2108 779 2215 831 est.
2289 773 2435 831 Scite

511 860 889 940 Chrysippus,
917 867 983 919 ut
1027 861 1242 919 multa:
1286 861 1400 931 Qui
1441 861 1709 929 stadium,
1751 862 1948 940 inquit,
1980 861 2176 930 currit,
2204 863 2344 924 eniti
2380 868 2437 921 et

509 950 851 1010 contendere
878 950 1069 1020 debet,
1097 969 1272 1028 quam
1296 950 1540 1009 maxime
1576 951 1772 1028 possit,
1798 958 1866 1009 ut
1904 951 2127 1020 vincat3
2170 952 2434 1030 supplan·

509 1048 634 1101 tare
677 1060 827 1109 eum,
856 1041 1086 1118 quicum
1127 1047 1323 1108 certet,
1367 1049 1469 1099 aut
1509 1060 1686 1099 manu
1728 1041 2027 1119 depellere,
2069 1041 2228 1100 n'ullo
2271 1042 2437 1101 modo

510 1132 702 1191 debet.
747 1187 758 1198 ,
785 1131 878 1189 Sic
906 1130 965 1189 in
991 1130 1108 1189 vita
1134 1130 1242 1189 sibi
1280 1149 1569 1207 quemque
1608 1136 1822 1208 petere,
1849 1130 2006 1208 quod
2046 1131 2332 1208 pertineat
2366 1131 2436 1190 ad

509 1239 698 1290 usum,
726 1240 841 1280 non
866 1220 1121 1298 iniquum
1150 1228 1273 1287 est;
1317 1219 1479 1282 alteri
1504 1220 1791 1297 deripere,¹
1806 1220 1906 1297 jus
1929 1238 2042 1278 non
2068 1227 2174 1279 est.
2346 1297 2353 1300 .

447 1318 483 1371 8
588 1311 836 1369 Maxime
883 1318 1096 1369 autem·
1128 1311 1539 1387 perturbantur
1585 1310 1767 1368 officia
1804 1310 1862 1367 in
1900 1310 2195 1379 amicitiis;
2236 1311 2439 1388 quibus

510 1408 571 1461 et·
596 1420 709 1459 non
737 1401 1000 1468 tribuere,
1030 1399 1187 1477 quod
1213 1406 1369 1460 recte
1410 1400 1610 1478 possis,
1640 1406 1701 1458 et
1738 1400 2004 1468 tribuere,
2032 1400 2191 1478 quod
2229 1420 2347 1460 non
2373 1401 2439 1459 sit

446 1496 483 1549 9
513 1508 760 1568 aequum,
790 1496 988 1549 contra
1014 1489 1259 1548 officium
1285 1496 1390 1548 est.
1472 1489 1592 1548 Sed
1618 1490 1792 1569 hujus
1818 1491 2039 1569 generis
2066 1490 2245 1549 totiu's
2273 1491 2437 1550 breve
2538 1569 2539 1572 Ἴ

482 1586 571 1644 ,et
608 1598 721 1642 non
765 1579 988 1640 difficile
1032 1583 1387 1658 praeceptum
1430 1587 1535 1638 est.
1618 1580 1763 1650 Quae
1802 1580 1951 1639 enim
1975 1579 2243 1638 videntur
2267 1581 2436 1650 utilia,

508 1670 770 1739 honoreS,
816 1668 1043 1737 divitiae,
1088 1667 1435 1747 voluptates,
1486 1675 1676 1727 cetera
1722 1670 1946 1748 generis
1987 1670 2271 1749 ejusdem,
2319 1672 2437 1730 haec

409 1766 484 1821 10
510 1759 771 1836 amicitiai
796 1777 1088 1837 nunquam
1113 1759 1514 1837 anteponenda
1539 1767 1690 1819 sunt.
1770 1759 1860 1819 At
1884 1778 2071 1838 neque
2092 1767 2299 1836 ,contra
2323 1780 2438 1820 rem

511 1850 818 1930 publicam,
846 1868 1031 1929 neque
1058 1855 1256 1908 contra
1276 1848 1375 1927 jus
1409 1849 1721 1927 jurandum
1746 1868 1814 1908 ac
1840 1849 2031 1919 fidem,
2059 1850 2226 1924 amici
2252 1856 2438 1920 causa,

508 1941 595 2000 vir
620 1942 803 2002 bonus
827 1940 1035 2008 faciet3
1076 1957 1149 2004 ne
1177 1938 1225 2001 si
1246 1939 1431 2018 judex
1449 1937 1678 2017 quidem
1697 1939 1804 1998 erit
1824 1939 1898 1997 de
1918 1938 2042 2019 ipso
2067 1940 2269 2000 amico.
2332 1942 2439 1999 Po—

409 2037 478 2091 11
509 2032 594 2089 nit
620 2031 770 2089 enim
798 2048 1100 2109 personam
1128 2028 1319 2097 amici‚·
1341 2048 1472 2089 cum
1499 2028 1682 2088 induit
1703 2029 1932 2108 judicis.
2014 2030 2264 2088 Tantum
2284 2030 2442 2090 dabit

512 2120 789 2188 amicitiae,
819 2125 887 2177 ut
910 2138 1104 2178 veram
1129 2119 1295 2177 amici
1323 2136 1553 2180 causam
1591 2136 1716 2176 esse
1742 2119 1938 2177 malit:
1976 2126 2046 2178 ut
2073 2119 2308 2178 orandae
2332 2119 2440 2179 litis

409 2216 482 2270 12
510 2217 768 2286 tempuS,
787 2208 979 2285 quoad
1007 2228 1110 2285 per
1129 2208 1287 2287 leges
1315 2208 1499 2276 liceat,
1519 2209 1930 2268 accommodet.
1968 2287 1974 2291 ¹
2012 2209 2162 2268 Oum
2191 2229 2329 2269 vero
2343 2248 2347 2254 -
2350 2202 2437 2289 ju-

508 2304 636 2357 rato
662 2297 941 2356 sententia
966 2297 1207 2365 dicenda
1245 2297 1336 2365 sit,
1366 2298 1698 2366 meminerit,
1730 2298 1903 2357 deum
1943 2317 2005 2356 se
2044 2299 2321 2358 adhibere
2360 2307 2439 2359 te-

508 2394 675 2455 stem,
705 2386 765 2444 id
807 2391 913 2455 est,
955 2393 1023 2444 ut
1063 2406 1173 2466 ego
1216 2387 1475 2456 arbitror,
1505 2395 1759 2452 mentem
1798 2408 1979 2457 suam,
2008 2408 2124 2466 qua
2161 2390 2304 2448 nihil
2339 2390 2440 2449 ho-

408 2486 481 2542 13
510 2478 645 2542 mini
672 2476 831 2537 dedit
857 2477 999 2536 deus
1039 2477 1162 2555 ipse
1190 2476 1448 2537 divinius.
1531 2479 1737 2555 Itaque
1765 2479 2099 2555 praeclarum
2140 2498 2178 2536 a
2216 2480 2441 2559 majori-

509 2572 618 2638 bus
658 2569 980 2647 accepimus
1026 2586 1242 2626 morem
1285 2567 1528 2646 rogandi
1569 2568 1794 2645 judicis,
1837 2568 1885 2626 si
1931 2588 2063 2627 eum
2102 2575 2442 2639 teneremus

451 2729 454 2734 ‚
512 2680 638 2736 quoe
663 2662 822 2726 salva
851 2660 974 2735 fide
999 2660 1196 2735 facere
1218 2660 1416 2733 possit.
1500 2658 1644 2716 Haec
1685 2658 1908 2737 rogatio
1946 2658 2021 2715 ad
2062 2676 2131 2716 ea
2173 2660 2442 2737 pertinet,

509 2769 641 2826 quae
668 2751 855 2826 paulo‘·
869 2756 999 2814 ante
1028 2749 1144 2812 dixi
1170 2749 1408 2809 honeste
1449 2748 1630 2807 amico
1670 2767 1706 2806 a
1743 2748 1937 2826 judice
1980 2766 2149 2825 posse
2191 2749 2443 2808 concedi.

411 2844 482 2897 14
510 2839 570 2896 N
570 2857 676 2896 am.
705 2839 754 2894 si
792 2838 980 2902 omnia
1015 2838 1273 2908 facienda
1312 2839 1444 2907 sint,
1487 2857 1617 2917 quae
1662 2837 1826 2901 amici
1853 2838 2062 2896 velintz
2103 2856 2220 2896 non
2257 2839 2447 2897 amici-

410 2936 481 2989 15
511 2928 606 2997 tijae
651 2927 810 2995 tales,
860 2926 963 2985 sed
1001 2928 1416 3005 conjurationes
1457 2928 1730 3006 putandae
1769 2928 1914 2986 sint.
1979 2927 2212 3005 Loquor
2251 2935 2450 2988 autem
2538 2951 2539 2998 j

511 3017 585 3090 de
614 3016 1006 3096 communibus
1024 3017 1292 3079 amicitiis.
1363 3018 1517 3076 Nam
1542 3019 1600 3077 in
1626 3012 1974 3096 sapientibus
1993 3016 2125 3075 viris
2152 3018 2451 3095 perfectis·
2538 3033 2539 3086 f

408 3114 481 3172 16
510 3126 623 3187 que
648 3105 788 3165 nihil
801 3114 1005 3188 ,potest
1030 3125 1155 3186 esse
1180 3108 1314 3167 tale.
1397 3109 1714 3166 Damonem
1735 3115 1795 3165 et
1820 3107 2125 3175 Phintiam,
2146 3107 2452 3187 Pythago·
2538 3111 2539 3172 ῗ

508 3215 654 3266 reQS‚
682 3198 873 3261 ferunt
897 3199 1009 3256 hoc
1037 3194 1222 3258 animo
1261 3197 1408 3256 inter
1434 3218 1496 3256 se
1536 3198 1727 3266 fuisse,
1757 3197 1839 3265 ut,
1884 3216 2015 3256 cum
2055 3216 2257 3254 eorum
2285 3183 2456 3256 alteri

511 3288 817 3365 Dionysius
844 3296 1121 3365 tyrannus
1149 3288 1298 3347 diem
1340 3288 1493 3347 necis
1521 3287 1931 3355 destinavisset,
1969 3293 2030 3344 et
2057 3286 2122 3354 is,
2153 3286 2253 3363 qui
2280 3286 2455 3344 morti

511 3378 795 3447 addictus·
817 3385 985 3446 esset,
1029 3397 1242 3456 paucos
1282 3376 1391 3435 sibi
1432 3376 1552 3435 dies
1594 3375 2174 3438 commendandorum
2215 3394 2455 3436 suorum
2538 3397 2539 3452 3

510 3487 683 3526 causa
712 3468 1147 3546 postulavisset:
1190 3486 1292 3538 vas
1319 3466 1506 3524 factus
1534 3473 1622 3525 est
1648 3467 1795 3525 alter
1822 3466 1948 3544 ejus
1975 3464 2248 3532 sistendi;
2290 3473 2379 3534 ut,
2410 3465 2455 3523 si

409 3556 482 3625 17
511 3556 605 3614 ille
632 3575 747 3614 non
772 3556 1112 3624 revertisset,
1133 3555 1491 3617 moriendum
1517 3562 1670 3614 esset
1695 3556 1819 3633 ipsi.
1890 3554 2003 3625 Qui
2030 3574 2163 3612 cum
2192 3554 2272 3612 ad
2303 3555 2455 3613 diem
2538 3545 2539 3568 ³

514 3659 578 3710 se
602 3644 925 3720 recepisset,
953 3643 1263 3705 admiratus
1290 3653 1489 3722 eorum
1515 3645 1688 3721 fidem
1715 3653 2010 3723 tyrannus,
2038 3643 2264 3723 petivit,
2294 3652 2368 3722 ¹³21}
2395 3662 2455 3719 ξθ
