2592 4142
287 240 372 302 ⁰8
1114 252 1192 293 nn
1234 249 1491 296 omens

391 383 639 451 tertium,
661 389 729 441 ut
748 400 880 442 cum
905 381 1388 440 admiratione
1413 379 1708 462 hominum
1735 380 1951 440 honore
1979 381 2110 441 ab*
2075 402 2142 442 us
2170 381 2330 462 digni

328 479 363 533 6
387 473 786 551 judicaremur.
868 461 1243 530 Admirantur
1304 472 1479 550 igitur
1531 469 1906 534 communiter
1957 472 2038 530 1111
2092 473 2329 550 quidem

251 564 257 569 ’
311 591 320 596 ’
393 562 595 631 omnia,
624 581 754 648 quse
767 575 1003 641 ·,magna
1032 568 1093 620 et
1117 569 1327 639 praeter
1353 561 1669 639 opinionem
1709 580 1873 620 suam
1913 562 2323 622 animadverte

391 659 555 710 runt:
598 652 901 729 separatim
927 655 1124 721 autem
1148 652 1208 709 in
1233 649 1486 730 singulis»,
1516 651 1564 709 si
1592 651 1942 730 perspiciunt
1984 654 2331 731 necopinata

329 741 364 802 '1
392 741 657 819 quaedam
682 742 882 800 bona.
910 742 1115 818 Itaque
1143 747 1241 799 'eos
1267 740 1418 799 viros
1445 741 1775 822 suspiciunt,
1795 741 2170 820 maximisque
2191 739 2326 802 effe-

392 838 528 896 runt
551 830 836 899 laudibus,
864 830 922 889 in
949 831 1155 909 quibus
1198 830 1522 914 existimant
1560 849 1623 889 se
1662 831 2004 890 excellentes
2044 831 2330 909 quasdam

329 928 366 981 8
391 928 455 980 et
471 921 787 1000 singulares
808 920 1129 999 perspicere
1144 920 1412 980 virtutes:
1443 917 1762 997 despiciunt
1778 927 1972 979 autem
1993 940 2091 980 eos
2112 929 2175 981 et
2195 942 2326 981 con·

391 1018 671 1079 temnunt,
698 1010 756 1068 in
783 1010 988 1088 quibus
1026 1010 1166 1068 nihil
1191 1010 1433 1078 virtutiS,
1462 1010 1599 1068 nihil
1639 1010 1828 1084 animi,
1855 1011 1994 1069 nihil
2020 1029 2330 1071 nervorum

378 1108 617 1179 putant.
695 1100 760 1158 N
757 1120 860 1158 on
871 1101 1021 1158 enim
1064 1117 1260 1159 omnes
1304 1119 1402 1164 eos
1428 1106 1813 1168 contemnunt,
1841 1099 1915 1159 de
1941 1100 2150 1178 quibus
2177 1102 2330 1180 male

330 1197 366 1251 9
394 1191 729 1249 existimant.
776 1190 937 1251 Nam
958 1208 1101 1267 quos
1126 1189 1435 1293 improbos,
1453 1189 1778 1260 maledicOS,
1799 1190 2192 1252 fraudulentos
2221 1212 2328 1270 pu·
2422 1237 2429 1242 .

392 1288 535 1354 tant,
561 1287 637 1339 et
675 1279 752 1338 ad
790 1279 1109 1338 faciendam
1148 1273 1411 1358 injuriam
1449 1279 1769 1348 instructos
1812 1299 1909 1338 eos
1958 1271 2335 1341 contemnunt

291 1376 367 1431 10
394 1370 624 1448 quidem
649 1369 994 1446 neutiquam,
1012 1370 1115 1428 sed
1143 1369 1215 1427 de
1241 1369 1330 1427 his
1357 1369 1504 1427 male
1529 1365 1867 1429 existimant.
1925 1371 2331 1442 Quamobrem,

393 1466 462 1519 ut
503 1466 635 1516 ante
671 1459 810 1527 dixi,
838 1465 1274 1517 contemnuntur
1299 1458 1356 1527 ii,
1382 1459 1484 1537 qui
1508 1478 1613 1518 nec
1641 1459 1767 1529 sibi,
1795 1480 1900 1519 nec
1940 1461 2121 1530 alteri,
2149 1468 2219 1520 ut
2244 1461 2331 1520 di-

394 1525 574 1618 eitun
615 1549 673 1607 in
700 1548 905 1626 quibus
929 1549 1122 1607 nullus
1146 1550 1326 1617 labor,
1356 1549 1514 1608 nulla
1550 1549 1843 1618 industria,
1873 1551 2026 1610 nulla
2055 1570 2195 1609 cura
2221 1558 2330 1611 est.
2418 1580 2427 1584 ·

285 1659 292 1664 ·
394 1637 790 1719 Admiratione
833 1645 1027 1697 autem
1071 1639 1394 1700 afficiuntur
1431 1640 1486 1707 ii,
1516 1640 1614 1717 qui
1655 1640 1864 1700 anteire
1892 1641 2090 1700 ceteris
2118 1641 2334 1701 virtute

394 1714 685 1814 putantur,
715 1713 774 1786 et
815 1747 947 1787 cum
986 1730 1141 1792 omni
1182 1748 1374 1788 carere
1418 1729 1714 1798 dedecore,
1742 1736 1869 1789 tum
1895 1750 2029 1789 vero
2067 1731 2133 1789 iis
2161 1732 2333 1800 vitiis,

292 1824 363 1879 11
395 1819 604 1897 quibus
627 1818 720 1877 alii
745 1837 858 1877 non
883 1818 1047 1879 facile
1075 1826 1316 1898 possunt
1344 1819 1632 1878 obsistere.
1717 1820 1871 1878 Nam
1898 1827 1957 1879 et
1982 1822 2333 1899 voluptates,

395 1909 777 1969 blandissimae
820 1908 1080 1978 dominae,
1109 1909 1339 1988 majoris
1380 1909 1558 1987 partis
1600 1910 1815 1968 animos
1841 1928 1878 1967 a
1903 1910 2113 1968 virtute
2140 1910 2335 1970 detor-

395 2007 610 2080 quent;
651 2007 711 2058 et
753 1999 1013 2058 dolorum
1059 2017 1189 2059 cum
1229 1999 1604 2057 admoventur
1641 1999 1815 2068 faceS,
1846 2006 2057 2077 praeter
2093 2000 2338 2066 modum

294 2095 366 2150 12
396 2090 649 2168 plerique
675 2095 1045 2147 exterrentur.
1128 2089 1280 2157 Vita,
1318 2105 1486 2156 morS,
1517 2088 1747 2157 divitiae,
1777 2097 2103 2193 paupertas,
2134 2110 2336 2149 omnes

296 2185 367 2239 13
396 2173 649 2238 homines
676 2177 1161 2236 vehementissime
1203 2167 1554 2255 permovent.
1638 2180 1785 2247 Quae
1824 2180 1936 2257 qui
1947 2180 2005 2237 in
2030 2187 2336 2258 utramque

396 2275 620 2346 partem
661 2266 885 2324 excelso
927 2267 1118 2324 animo
1153 2285 1475 2346 magnoque
1504 2268 1839 2354 despiciunt,
1870 2289 2000 2327 cum
2028 2269 2218 2352 aliqua
2244 2271 2337 2328 his

395 2356 588 2436 ampla
612 2363 673 2414 et
697 2356 946 2413 honesta
963 2373 1055 2414 res
1076 2355 1311 2434 objecta
1338 2364 1443 2424 est,
1473 2364 1626 2416 totos
1653 2358 1729 2417 ad
1766 2377 1827 2416 se
1852 2359 2130 2418 convertit
2155 2366 2217 2417 et
2241 2379 2335 2417 ra-

396 2447 499 2527 pit.
570 2446 718 2504 Tum
738 2444 874 2524 quis
882 2465 995 2504 non
1014 2446 1324 2505 admiretur
1351 2447 1714 2525 splendorem
1740 2448 2351 2537 pulchritudinemque.

396 2536 663 2596 virtutis?
730 2535 831 2596 XI.
853 2536 1009 2617 Ergo
1034 2542 1092 2594 et
1114 2536 1239 2595 haec
1261 2536 1432 2595 animi
1451 2537 1834 2619 despicientia
1837 2532 2339 2599 admirabilitatem

395 2647 668 2707 magnam
712 2627 883 2686 facit:
927 2634 985 2686 et
1029 2627 1269 2685 maxime
1309 2627 1547 2706 justitia,
1591 2646 1662 2685 ex
1702 2647 1815 2706 qua
1853 2621 1968 2686 una
1993 2628 2205 2687 virtute
2231 2630 2339 2688 viri

396 2718 531 2776 boni
555 2717 935 2795 appellantur,
963 2717 1198 2775 mirifica
1239 2718 1524 2803 quaedam
1548 2717 1898 2785 multitudini
1924 2717 2183 2777 videtur:
2225 2725 2336 2778 nec

334 2812 370 2865 2
398 2806 615 2884 injuria.
699 2804 900 2863 Nemo
936 2806 1084 2864 enim
1130 2807 1323 2884 justus
1372 2826 1496 2864 esse
1539 2814 1748 2889 potest,
1789 2807 1889 2884 qui
1933 2814 2192 2877 mortem,
2236 2809 2339 2885 qui

399 2895 671 2962 dolorem,
702 2894 798 2971 qui
835 2895 1084 2992 exilium,
1113 2897 1210 2973 qui
1233 2904 1565 2980 egestatem
1608 2897 1786 2965 timet,
1821 2904 1921 2956 aut
1960 2898 2058 2975 qui
2083 2916 2168 2965 ea,
2198 2911 2337 2976 quse

335 2983 370 3045 3
401 2990 534 3044 sunt
573 2984 668 3042 his
717 2982 1024 3052 contraria,
1060 2986 1314 3062 aequitati
1357 2973 1667 3068 anteponit.
1724 2977 2109 3065 Maximeque
2153 2987 2338 3046 admi
2410 2983 2423 2997 ⁶

398 3081 599 3136 rantur
645 3094 796 3142 eum,
845 3075 944 3152 qui
990 3075 1231 3153 pecunia
1276 3094 1392 3134 non
1431 3081 1725 3144 movetur3
1768 3077 1923 3155 quod
1963 3078 2020 3136 in
2059 3097 2175 3158 quo
2214 3077 2343 3137 viro
2372 3131 2377 3138 .

401 3173 767 3245 perspectum
796 3164 885 3232 sit,
914 3165 1109 3224 hunc'
1093 3166 1213 3244 1gni
1241 3173 1567 3244 spectatum
1594 3167 1954 3226 arbitrantur.

335 3261 373 3314 4
447 3256 680 3335 Itaque
707 3256 801 3316 illa
820 3256 945 3324 tria,
965 3275 1095 3334 quae
1124 3257 1420 3335 proposita
1446 3263 1581 3313 sunt
1601 3256 1676 3314 ad
1702 3256 1956 3335 gloriam,
1977 3256 2166 3318 omnia
2187 3249 2339 3335 Jus-

403 3331 593 3404 titia
633 3335 893 3405 conficit:
939 3354 1000 3404 et
1039 3345 1493 3413 benivolentiam,
1518 3346 1691 3424 quod
1731 3335 2005 3425 prodesse
2044 3347 2199 3405 vult
2180 3346 2341 3425 plu?

400 3435 593 3503 rimis;
635 3442 696 3493 et
722 3437 804 3494 ob
821 3418 1065 3493 eandem
1093 3454 1344 3495 causam·
1352 3436 1561 3503 fidem,
1605 3443 1666 3493 et
1705 3435 2151 3504 admirationem,
2183 3435 2342 3516 quod

404 3541 502 3581 eas
528 3543 619 3582 res
647 3524 862 3602 spernit
889 3533 948 3583 et
974 3526 1228 3603 negligit,
1249 3524 1324 3582 ad
1351 3544 1493 3603 quas
1522 3525 1778 3603 plerique
1805 3525 2138 3585 inflammati
2165 3525 2340 3584 avidi-

340 3620 380 3673 5
405 3618 527 3671 tate
552 3613 865 3693 rapiuntur.
911 3644 928 3652 ι
945 3613 1037 3671 Ac
1064 3629 1194 3674 mea
1220 3611 1451 3691 quidem
1476 3610 1757 3674 sententia
1783 3616 1965 3675 omnis
1991 3615 2138 3675 ratio
2165 3622 2342 3696 atquo
