2592 4142
335 255 450 311 116
1163 269 1240 308 nn
1269 266 1523 309 omens

430 397 731 486 exposuit·
773 397 1109 458 sententiam
1146 416 1219 457 ne
1254 397 1487 466 diceret,
1515 396 1834 466 recusavit,
1819 415 1833 431 ·
1875 414 2054 475 quam
2090 395 2200 456 diu
2233 396 2370 475 jure

365 496 403 549 3
425 481 673 569 jurando
699 488 948 547 hostium
983 495 1286 557 teneretur,
1314 507 1430 546 non
1469 506 1594 546 esse
1634 507 1696 546 se
1736 494 2075 546 senatorem.
2161 485 2367 569 Atque

430 580 572 639 illud
599 578 770 637 etiam
799 576 860 658 (o
887 579 1126 637 stultum
1154 579 1457 646 hominem,
1486 577 1690 638 dixerit
1716 578 2015 668 quispiam,
2046 585 2108 636 et
2148 596 2365 657 repug-

360 694 371 706 ·
429 677 661 738 nantem
673 669 903 728 utilitati
920 689 1040 729 suae
1065 667 1103 748 !)
1145 650 1311 727 reddi
1330 669 1601 747 captivos,
1624 669 1855 748 negavit
1873 687 1998 727 esse
2018 668 2194 729 utile·
2236 670 2365 728 illos

430 761 580 820 enim
618 760 1012 818 adolescentes
1051 778 1178 818 esse
1216 764 1277 817 et
1315 760 1496 819 bonos
1540 759 1736 827 duces,
1758 773 1828 818 ‘se
1865 760 1989 838 jam
2033 760 2365 819 confectum

363 857 404 912 4
430 857 739 910 senectute.
823 849 1008 927 Cujus
1048 869 1182 908 cum
1220 848 1491 907 valuisset
1531 835 1857 918 auctoritas,
1898 850 2114 927 captivi
2153 850 2367 910 retenti

429 934 580 1009 suxit,
609 941 745 1018 ipse
791 939 1209 1018 Karthaginem
1252 938 1462 997 rediit:
1502 955 1687 1016 neque
1728 957 1863 998 eum
1904 940 2113 998 caritas
2158 940 2367 1018 patriae

365 1041 401 1093 5
428 1030 675 1100 retinuit,
702 1048 807 1088 nec
834 1047 1081 1092 suorum.
1167 1028 1373 1106 Neque
1391 1046 1527 1087 vero
1547 1035 1672 1087 tum
1692 1028 2011 1107 ignorabat,
2039 1048 2105 1089 se
2129 1030 2209 1089 ad
2236 1050 2365 1089 cru·

425 1121 779 1180 delissimum
795 1121 1030 1178 hostem
1055 1124 1116 1178 et
1154 1118 1231 1176 ad
1256 1118 1538 1196 exquisita
1576 1119 1856 1198 supplicia
1894 1120 2214 1199 proficisci:
2259 1121 2367 1179 sed

237 1293 246 1296 =
365 1217 400 1270 6
424 1213 521 1291 jus
543 1210 854 1290 jurandum
880 1208 1333 1268 conservandum
1371 1210 1628 1287 putabat.
1668 1231 1673 1236 ·
1712 1211 1917 1288 Itaque
1944 1217 2090 1279 tum,
2119 1229 2258 1269 cum
2289 1211 2367 1268 vi-

429 1300 659 1380 gilando
683 1301 1011 1368 necabatur,
1040 1312 1165 1357 erat
1182 1300 1241 1357 in
1266 1298 1497 1358 meliore
1518 1318 1707 1367 causa,
1731 1319 1906 1378 quam
1931 1297 1980 1359 si
2007 1300 2165 1358 domi
2192 1320 2368 1359 senex

366 1390 399 1451 ’7
430 1391 706 1469 captivus,
734 1390 997 1468 perjurus
1024 1385 1332 1448 consularis
1356 1390 1733 1450 remansisset.
1803 1389 1897 1447 At
1912 1389 2103 1459 stulte,
2126 1391 2225 1468 qui
2252 1410 2369 1449 non

428 1480 604 1539 modo
629 1499 743 1538 non
770 1478 1050 1537 censuerit
1074 1479 1331 1556 captivos
1371 1479 1764 1549 remittendos,
1793 1491 1993 1538 verum
2035 1473 2209 1538 etiam
2249 1481 2366 1539 dis-

365 1578 402 1631 8
430 1570 682 1629 suaserit.
768 1568 1068 1639 Quomodo
1108 1569 1284 1628 stulte
1307 1570 1335 1627 ‘2
1376 1569 1621 1627 etiamne
1663 1570 1711 1627 si
1749 1569 1832 1627 rei
1872 1568 2119 1647 publicae
2148 1571 2370 1629 condu-

430 1661 598 1720 cebat
615 1660 643 1718 ⁴?
682 1659 883 1720 Potest
898 1666 1109 1727 autem,
1128 1659 1286 1737 quod
1308 1658 1502 1717 inutile
1528 1659 1873 1738 reipublicae
1898 1659 1988 1728 sit,
1996 1655 2070 1717 'id
2099 1660 2371 1738 cuiquam

429 1750 538 1810 civi
562 1750 699 1809 utile
728 1750 902 1809 esse?
982 1750 1265 1808 XXVIII.
1309 1749 1653 1808 Pervertunt
1679 1750 1937 1808 homines
1956 1767 2045 1818 ea,
2070 1768 2203 1827 quae
2229 1757 2373 1808 sunt

428 1841 799 1900 fundamenta
830 1847 1071 1909 naturae,
1102 1859 1236 1898 cum
1259 1839 1563 1902 ufilitatem
1591 1841 1666 1898 ab
1693 1840 1992 1919 honestate
2032 1841 2372 1918 sejungunt.

432 1932 645 1994 Omnes
686 1923 838 1990 enim
863 1930 1183 2009 expetimus
1215 1930 1545 2000 utilitatem,
1574 1929 1651 1987 ad
1677 1948 1920 2031 eamque
1956 1930 2231 2010 rapimur,
2260 1947 2373 1987 nec

367 2028 403 2081 2
432 2022 620 2084 facere
646 2021 809 2080 aliter
836 2021 954 2079 ullo
980 2020 1153 2080 modo
1181 2039 1504 2099 possumus.
1588 2019 1742 2077 Nam
1770 2019 1898 2097 quis
1939 2027 2045 2088 est,
2075 2020 2175 2098 qui
2204 2019 2374 2078 utilia

432 2111 665 2190 fugiat?
705 2118 808 2169 aut
835 2111 963 2188 quis
991 2111 1198 2189 potius,
1230 2111 1332 2188 qui
1367 2128 1436 2168 ea
1461 2127 1578 2168 non
1616 2109 2026 2168 studiosissime
2054 2128 2373 2187 persequa-

367 2207 403 2259 3
432 2207 568 2258 tur.
548 2201 576 2242 ‘²
658 2199 778 2257 Sed
805 2200 938 2277 quia
975 2219 1259 2302 nusquam
1300 2218 1623 2277 possumus,
1665 2199 1771 2257 nisi
1813 2199 1872 2257 in
1912 2199 2101 2268 laude,
2132 2199 2370 2269 decore,

432 2290 732 2348 honestate
762 2289 923 2346 utilia
947 2288 1214 2367 reperire,
1245 2296 1555 2367 propterea
1578 2289 1676 2347 illa
1702 2289 1887 2367 prima
1924 2296 1985 2347 et
2010 2307 2239 2347 summa
2264 2289 2375 2347 ha-

432 2379 674 2446 bemus;
714 2378 971 2450 utilitatis
1010 2396 1217 2437 nomen
1253 2385 1371 2440 nbn
1407 2385 1530 2438 tam
1570 2378 1933 2457 splendidum
1960 2397 2134 2457 quam
2173 2397 2377 2438 neces-

435 2467 648 2531 sarium
675 2467 956 2528 ducimus.

367 2563 408 2618 4
514 2558 666 2630 Quid
712 2564 802 2618 est
846 2559 1038 2638 igitur,
1067 2558 1270 2626 dixerit
1312 2558 1458 2637 quis,
1501 2557 1560 2616 in
1597 2557 1759 2636 jure
1808 2557 2162 2636 jurando?
2208 2558 2380 2617 Num

432 2649 640 2708 iratum
657 2649 922 2707 timemus
937 2650 1181 2712 Jovem‘?
1223 2645 1312 2707 At
1327 2649 1439 2707 hoc
1456 2647 1686 2725 quidem
1704 2666 1998 2708 commune
2016 2654 2106 2706 est
2120 2648 2382 2708 omnium

435 2738 921 2816 philosophorum,
966 2759 1081 2797 non
1123 2758 1322 2797 eorum
1368 2736 1562 2806 mode,
1610 2738 1709 2815 qui
1756 2736 1930 2795 deum
1972 2737 2112 2795 nihil
2156 2737 2378 2798 habere

393 2895 402 2898 ⁷
433 2827 624 2905 ipsum
663 2828 876 2905 negotii
901 2828 1116 2896 dicunt,
1142 2828 1281 2887 nihil
1308 2828 1576 2887 exhibere
1603 2827 1783 2895 alteri,
1812 2826 1917 2886 sed
1956 2845 2152 2884 eorum
2180 2827 2377 2896 etiam,

436 2915 535 2993 qui
575 2915 749 2974 deum
783 2935 1017 2995 semper
1063 2936 1234 2995 agere
1274 2917 1488 2995 aliquid
1528 2923 1590 2975 et
1630 2915 1814 2992 moliri
1839 2915 2053 2985 volunt,
2083 2936 2376 2995 nunquam

370 3014 408 3067 5
436 3023 542 3063 nec
561 3004 724 3065 irasci
743 3005 934 3075 deum,
957 3025 1061 3065 nec
1081 3019 1304 3066 nocere.
1368 3006 1520 3076 Quid
1541 3012 1735 3064 autem
1754 3007 1932 3065 iratus
1952 3007 1990 3067 J
1993 3006 2224 3085 uppiter
2243 3006 2381 3084 plus

436 3114 641 3156 nocere
662 3096 958 3175 potuisset,
975 3116 1151 3175 quam
1167 3096 1363 3155 nee'uit
1382 3096 1488 3156 sibi
1505 3095 1628 3174 ipse
1651 3097 1911 3175 Regulus
1932 3098 1961 3155 ἱ)
2004 3097 2183 3155 Nulla
2202 3096 2376 3176 igitm

372 3192 410 3246 6
438 3185 522 3245 vis
561 3186 670 3245 fuit
712 3186 1013 3267 religioniS,
1042 3206 1171 3265 quae
1210 3193 1435 3246 tantam
1483 3186 1786 3244 utilitatem
1829 3193 2194 3265 perverteret.
2275 3187 2380 3244 An

438 3285 512 3334 'ne
537 3277 780 3355 turpiter
804 3277 1065 3337 faceret?
1131 3271 1410 3344 Primum,
1427 3275 1658 3334 minima
1676 3275 1753 3336 de
1772 3276 1952 3335 malis.
2021 3275 2183 3335 Num
2202 3275 2387 3356 igitur

441 3371 663 3425 tantum
688 3367 826 3426 mali
850 3367 1148 3446 turpitudo
1174 3368 1283 3426 ista
1310 3367 1579 3436 habebat,
1608 3367 1887 3470 quantum
1913 3367 2009 3426 ille
2036 3367 2330 3428 cruciatus
2352 3367 2383 3429 2

377 3452 413 3513 '1
444 3452 668 3515 Deinde
692 3457 836 3516 illud
863 3458 1032 3516 etiam
1061 3457 1219 3535 apud
1246 3456 1494 3524 Attium,

1239 3544 1597 3620 Fremtin'
1616 3546 1829 3623 fidem.
1817 3545 1847 3590 ²

650 3634 853 3711 Neque
876 3634 1021 3704 dedi,
1039 3653 1222 3710 nequa
1243 3636 1327 3692 ‘do
1345 3636 1565 3711 infideli
1599 3637 1884 3712 cuiquam,
