2592 4142
369 245 447 302 ⁹9.
1063 225 1070 230 ¹
1195 258 1272 298 nn
1301 245 1553 299 omens

472 396 623 448 taret
660 408 722 448 se
747 388 953 457 valere,
983 388 1032 448 si
1070 388 1312 465 proximi
1349 387 1595 447 membri
1631 386 2018 447 valemdinem
2055 387 2135 448 ad
2176 407 2241 448 se
2262 394 2403 448 tra·

473 479 744 548 duxisset,
766 479 1044 538 debilitari
1064 486 1124 536 et
1142 479 1368 538 interire
1389 485 1581 537 totum
1604 497 1810 555 corpus
1826 481 2061 540 'necesse
2082 486 2266 538 esset:
2296 480 2398 549 sic,

473 569 521 627 si
545 588 693 627 unus
719 569 956 646 quisque
982 573 1238 626 nostrum
1264 569 1340 625 ad
1368 577 1429 625 se
1455 569 1641 644 rapiat
1670 569 1980 628 'commoda
2006 569 2264 639 aliorum,
2297 569 2397 628 de-

470 659 773 736 trahatque
792 658 946 736 quod
974 657 1176 736 cuique
1204 658 1403 735 possit,
1423 657 1788 716 emolumenti
1812 658 1903 715 sui
1928 659 2131 736 gratia,
2153 658 2397 720 societas

406 736 444 805 4
471 748 759 806 hominum
787 756 847 807 et
867 747 1246 807 communitas
1271 745 1563 806 evertatur
1586 766 1817 805 necesse
1843 755 1946 806 est.
2015 748 2170 807 Nam
2196 749 2305 807 sibi
2329 755 2400 807 ut

471 837 711 914 quisque
738 838 913 906 malit,
942 837 1097 915 quod
1124 836 1202 894 ad
1228 856 1399 894 usum
1424 837 1558 896 vitae
1585 837 1882 914 pertineat,
1910 856 2085 914 quam
2110 839 2275 896 alteri
2300 857 2397 897 ae·

471 923 710 1004 quirere,
738 946 1069 986 concessum
1094 934 1199 993 est,
1220 939 1335 984 non
1361 932 1715 1004 repugnante
1738 934 1979 986 natura:
2021 926 2162 985 illud
2189 935 2399 985 natura

471 1034 586 1073 non
606 1016 837 1093 patitur,
859 1023 926 1074 ut
945 1017 1182 1074 alior'um
1203 1015 1395 1092 spoliis
1422 1022 1644 1073 nostras
1670 1016 1992 1083 facultateS,
2021 1016 2229 1094 copias,
2252 1036 2396 1094 opes

407 1112 443 1165 5
472 1119 801 1184 augeamus,
887 1106 1092 1182 Neque
1118 1125 1254 1186 vero
1272 1105 1382 1163 hoc
1409 1104 1596 1163 solum
1622 1112 1844 1174 natura,
1872 1101 1932 1163 id
1971 1111 2061 1163 est
2096 1106 2228 1183 jure
2253 1124 2395 1184 gen-

470 1194 629 1263 tium,
657 1195 761 1253 sed
787 1195 957 1252 etiam
983 1195 1205 1274 legibus
1233 1194 1594 1272 populorum,
1624 1191 1828 1271 quibus
1855 1194 1912 1252 in
1939 1194 2172 1272 singulis
2199 1191 2394 1253 civita·

469 1284 623 1342 tibus
651 1302 741 1342 res
768 1283 997 1361 publica
1025 1285 1363 1350 continetur,
1384 1282 1587 1341 eodem
1612 1281 1786 1356 msodo
1805 1276 2178 1341 constitutum
2198 1291 2307 1352 est,
2328 1292 2398 1343 ut

406 1378 442 1431 6
469 1392 583 1434 non
608 1371 776 1430 liceat
802 1373 889 1430 sui
916 1373 1202 1432 commodi
1238 1391 1417 1430 causa
1437 1390 1643 1430 nocere
1668 1372 1847 1430 alteri.
1930 1372 2058 1432 Hoc
2086 1373 2247 1431 enim*
2262 1393 2395 1451 spe·

469 1467 625 1519 etant
643 1459 816 1538 leges,
829 1461 938 1519 hoc
950 1461 1164 1534 volunt,
1186 1461 1526 1520 incolumem
1540 1479 1672 1519 esse
1695 1462 1898 1542 civium
1912 1462 2395 1540 conjunctionem:

470 1568 643 1627 quam
663 1548 761 1626 qui
780 1549 1064 1619 dirimunt,
1087 1570 1184 1609 eos
1210 1558 1413 1617 morte,
1432 1550 1617 1619 einiO,
1639 1547 1852 1620 vinclis,
1866 1550 2083 1610 ,damno
2110 1558 2410 1613 coercent·

405 1639 440 1698 ’1
469 1640 669 1716 Atque
713 1639 821 1698 hoc
861 1640 1046 1700 multo
1085 1641 1272 1720 magis
1314 1640 1487 1698 efficit
1522 1640 1648 1717 ipsa
1685 1647 1907 1698 naturae
1944 1640 2106 1709 ratic,
2134 1660 2266 1718 quae
2305 1649 2397 1701 est

441 1729 562 1787 ·lex
587 1730 775 1791 divina
800 1737 861 1788 et
885 1731 1151 1798 humana,
1181 1730 1272 1788 cui
1300 1748 1499 1807 parere
1526 1729 1626 1806 qui
1650 1729 1789 1787 velit
1817 1727 2038 1808 (omnes
2064 1737 2258 1790 autem
2288 1749 2394 1809 pa-

467 1820 691 1892 rebunt,
719 1821 817 1898 qui
843 1820 1159 1886 secundum
1184 1826 1448 1877 naturam
1464 1818 1658 1877 volent
1678 1813 1891 1896 vivere)
1918 1837 2210 1896 nunquam
2236 1839 2394 1878 com-

465 1909 671 1979 mittet,
701 1917 768 1969 ut
803 1910 1050 1968 alienum
1089 1915 1344 1987 appetat,
1374 1915 1435 1967 et
1458 1907 1534 1975 id,
1564 1907 1722 1984 quod
1747 1907 1907 1968 alteri
1934 1907 2255 1976 detraxerit,
2287 1910 2397 1970 sibi

404 2004 440 2057 8
468 2006 735 2060 assumat.
767 2039 774 2044 -
805 1999 1029 2057 Etenim
1056 1998 1237 2055 multo
1264 1997 1448 2075 magis
1470 2004 1559 2056 est
1579 1996 1893 2055 secundum
1919 1993 2182 2058 naturam
2208 1998 2395 2057 excel-

466 2088 603 2146 sitas
630 2088 800 2147 animi
825 2095 886 2146 et
907 2086 1261 2166 magnitude,
1291 2087 1542 2164 itemque
1570 2086 1962 2156 communitas,
1986 2087 2225 2164 justitia,
2253 2088 2395 2147 libe-

466 2177 677 2245 ralitas,
706 2195 879 2254 quam
918 2175 1201 2254 voluptas,
1240 2194 1415 2253 quam
1455 2176 1591 2243 vita,
1621 2194 1796 2253 quam
1820 2176 2065 2234 divitiae:
2108 2171 2241 2254 quae
2268 2178 2395 2255 qui-

469 2263 601 2322 dem
628 2273 986 2323 contemnere
1013 2272 1073 2322 et
1100 2284 1206 2342 pro
1230 2265 1404 2322 nihilo
1425 2264 1651 2333 ducere,
1672 2267 2097 2343 comparantem
2124 2285 2258 2324 cum
2280 2268 2395 2326 uti·

404 2358 441 2411 9
468 2352 627 2412 litate
647 2354 948 2422 communi,
970 2353 1163 2432 magni
1183 2354 1354 2412 animi
1373 2360 1434 2412 et
1452 2355 1661 2418 excelsi
1685 2362 1792 2414 est.
1861 2354 2178 2414 Detrahere
2197 2363 2397 2415 autem

467 2441 542 2500 de
562 2442 740 2501 altero
759 2443 848 2501 sui
874 2441 1160 2504 commodi
1178 2461 1366 2512 causa,
1389 2444 1572 2523 magis
1592 2452 1680 2504 est
1702 2450 1896 2504 contra
1913 2450 2193 2513 naturam,
2215 2464 2395 2522 quam

368 2536 442 2590 10
467 2550 635 2601 mors,
667 2551 839 2610 quam
867 2532 1048 2601 dolor,
1077 2551 1249 2610 quam
1281 2539 1471 2591 cetera
1511 2534 1734 2612 genen‘s
1771 2533 2044 2612 ejusdem.
2128 2534 2395 2611 Itemque

322 2613 326 2620 ⁴
464 2622 649 2700 magis
675 2628 764 2680 est
789 2621 1103 2694 secundum
1127 2627 1408 2689 naturam,
1441 2641 1547 2699 pro
1580 2623 1838 2684 omnibus
1872 2622 2156 2702 gentibus,
2185 2624 2235 2682 si
2271 2624 2395 2683 fieri

465 2712 662 2789 possit,
691 2710 1085 2770 conservandis
1111 2717 1213 2770 aut
1233 2710 1503 2788 juvandis
1529 2711 1806 2769 maximos
1829 2711 2054 2771 labores
2073 2712 2394 2771 molestias·

466 2816 580 2875 que
626 2799 927 2876 suscipere,
968 2799 1285 2860 imitantem
1328 2799 1638 2859 Herculem
1675 2800 1854 2869 illum,
1882 2817 2057 2877 quem
2094 2800 2394 2860 hominum

464 2887 637 2955 fama,
667 2887 1063 2949 beneficiorum
1100 2905 1337 2956 memor,
1364 2888 1424 2946 in
1459 2889 1693 2948 concilio
1730 2889 2047 2948 coelestium
2072 2888 2390 2959 collocavit,

468 2971 643 3054 quam
672 2976 863 3035 vivere
890 2977 947 3038 in
974 2975 1291 3054 solitudine,
1321 2996 1436 3035 non
1471 2977 1644 3036 modo
1658 2978 1789 3036 sine
1813 2977 1943 3055 ullis
1968 2977 2256 3046 molestiiS,
2285 2977 2393 3036 sed

466 3065 638 3125 etiam
675 3066 738 3124 in
758 3064 1013 3140 maximis
1039 3065 1445 3143 voluptatibus,
1474 3066 1860 3134 abundantem
1898 3065 2171 3125 omnibus·
2196 3066 2392 3144 copiis,

364 3161 436 3215 11
466 3163 535 3215 ut
559 3156 801 3222 excellas
828 3156 999 3224 etiam
1024 3155 1444 3233 pulchritudine
1468 3163 1532 3215 et
1555 3157 1803 3222 viribus·
1860 3155 2146 3225 Quocirca
2171 3156 2395 3235 optimo

466 3245 704 3323 quisque
746 3253 806 3304 et
850 3245 1308 3323 splendidissimo
1353 3246 1578 3324 ingenio
1624 3245 1796 3325 longe
1837 3245 1994 3306 illam
2031 3244 2211 3303 vitam
2258 3244 2394 3304 huic

364 3339 438 3392 12
468 3335 774 3412 anteponit.
855 3335 944 3391 Ex
983 3353 1098 3412 quo
1137 3334 1393 3401 efficitur,
1441 3334 1729 3393 hominem
1767 3340 1990 3392 naturae
2032 3332 2401 3393 obedientem

363 3428 438 3481 13
468 3423 690 3494 homini,
703 3436 906 3481 nocere
929 3439 1052 3482 non‘
1070 3413 1253 3500 posse.
1279 3461 1292 3468 -
1325 3422 1546 3481 Deinde
1572 3423 1670 3500 qui
1697 3423 1941 3481 alterum
1962 3421 2155 3491 violat,
2174 3428 2244 3482 ut
2268 3422 2398 3501 ipse

465 3511 679 3588 aliquid
723 3511 1004 3570 commodi
1048 3519 1443 3588 consequatur,
1473 3518 1576 3570 aut
1612 3512 1752 3570 nihil
1789 3511 2078 3570 existimat
2113 3529 2178 3569 se
2202 3511 2399 3571 faeere

466 3606 670 3658 eontra
689 3606 988 3670 naturam3
1028 3605 1132 3658 aut
1156 3600 1343 3678 magis
1367 3600 1697 3679 fugiendam
1722 3606 1917 3666 censet
1946 3606 2213 3671 mortem,
2251 3618 2399 3681 pau-
