2592 4142
293 197 375 256 88
1112 205 1190 246 nn
1217 194 1472 246 omens
1554 251 1559 255 ,

391 335 702 395 nestissime
727 332 1013 394 molestias
1039 353 1209 415 posse
1234 332 1461 412 deponi,
1482 332 1531 391 si
1554 350 1649 390 me
1674 330 1751 390 ad
1777 328 2198 411 philosophiam
2213 351 2312 392 »re-

392 425 661 483 tulissem.
746 424 856 485 eui
882 443 1015 483 cum
1038 423 1284 483 multum
1309 421 1639 482 adolescens
1679 420 1932 480 discendi
1971 440 2143 487 causa
2168 428 2314 482 tem-

391 514 544 593 poris
570 513 908 581 tribuissem,
936 519 1311 591 posteaquam
1350 510 1657 570 honoribus
1694 510 1959 570 inservire
1996 511 2167 590 coepi,
2194 530 2314 569 me·

395 623 507 682 que
534 611 720 662 totum
744 603 837 661 rei·
855 601 1102 681 publicae
1128 601 1354 670 tradidi,
1382 598 1607 659 tantum
1634 606 1758 660 erat
1782 599 2157 679 philosophiae
2183 600 2314 669 loci,

389 700 666 770 quantum
691 692 1049 771 superfuerat
1073 690 1384 748 amicorum
1408 696 1468 749 et
1492 688 1574 748 rei
1599 688 1844 768 publicae
1869 690 2157 768 temporie.
2238 689 2315 753 Id

391 788 584 840 autem
609 800 773 841 omne
801 778 1281 839 consumebatur
1265 798 1325 837 ιιι
1333 773 1629 858 legend03
1670 778 1953 838 scribendi
1992 779 2173 838 otium
2197 798 2315 838 non

389 868 529 930 erat.
586 871 667 929 ΙΙ.
696 869 955 937 Maximis
983 868 1198 948 igitur
1181 888 1242 937 m
1263 864 1430 927 malis
1457 868 1567 927 hoc
1586 871 1779 929 tamen
1804 868 1944 927 boni
1964 868 2211 928 assecuti
2231 869 2312 928 vi-

389 960 607 1030 demur,
635 966 702 1020 ut
728 978 797 1018 ea
816 958 1023 1018 litteris
1065 957 1481 1025 mandaremus,
1511 976 1641 1035 quoe
1665 976 1771 1016 nec
1798 962 1960 1015 erant
1996 957 2133 1016 satis
2175 964 2318 1047 nota

325 1054 362 1108 2
380 1050 612 1124 nostris,
641 1056 702 1108 et
727 1055 890 1111 erant
927 1047 1245 1128 cognitione
1283 1047 1628 1126 dignissima.
1711 1046 1864 1116 Quid
1899 1046 2048 1106 enim
2074 1053 2181 1115 est,
2208 1038 2317 1125 per

388 1133 545 1207 deos,
584 1138 891 1217 optabilius
930 1137 1249 1216 sapientia?
1290 1132 1431 1214 quid
1470 1135 1835 1214 praestantius
1856 1136 1885 1195 ‘3
1924 1135 2062 1214 quid
2101 1135 2315 1197 homini

324 1235 360 1288 3
388 1229 638 1291 melius?
687 1229 824 1306 quid
864 1228 1090 1287 homine
1128 1226 1356 1305 dignius
1372 1227 1400 1284 ‘3
1459 1226 1628 1284 Hanc‘
1663 1226 1838 1304 igitur
1858 1217 1973 1303 'qui
2014 1232 2314 1313 expetunt,

388 1316 715 1419 philosophi
739 1317 1134 1377 nominantur.
1148 1335 1281 1376 nec
1309 1314 1613 1394 quicquam
1631 1315 1794 1374 aliud
1821 1321 1911 1374 est
1933 1304 2312 1394 philosophia,

322 1411 362 1465 4
388 1406 436 1465 si
479 1406 834 1484 interpretari
872 1405 1029 1473 veliS,
1079 1411 1289 1484 praeter
1335 1405 1589 1465 studium
1632 1405 1941 1483 sapientiae.
2022 1405 2316 1484 Sapientia

389 1502 584 1554 autem
609 1501 716 1563 est,
746 1493 840 1575 (ut
865 1512 902 1552 a
926 1495 1212 1567 veteribus
1249 1494 1606 1574 philosophis
1648 1472 1945 1553 definitum
1980 1493 2095 1573 est)
2122 1513 2315 1554 rerum

388 1584 703 1643 divinarum
731 1592 792 1643 et
816 1585 1190 1649 humanarum
1230 1602 1658 1662 causarumque,
1686 1584 1892 1662 quibus
1930 1584 2054 1644 hae
2061 1603 2154 1645 res
2181 1604 2312 1645 con-

330 1720 349 1731 s
388 1675 654 1744 tinentur,
674 1674 950 1733 scientia·
937 1718 951 1731 .
982 1673 1146 1755 cujus
1172 1672 1425 1735 studium
1451 1673 1554 1751 qui
1569 1673 1872 1752 vituperat,
1891 1673 2050 1741 haud
2077 1693 2214 1734 sane
2228 1674 2312 1745 in-

323 1772 361 1826 5
388 1763 600 1844 tellig0,
629 1764 900 1842 quidnam
929 1763 1023 1832 sit,
1050 1762 1207 1842 quod
1226 1762 1585 1824 laudandum
1621 1770 1804 1842 putet.
1886 1764 2040 1823 Nam
2065 1764 2186 1825 sive
2210 1765 2312 1824 ob-

388 1854 617 1914 lectatio
657 1855 930 1933 quaeritur
967 1854 1141 1913 animi
1176 1852 1512 1932 requiesque
1552 1871 1848 1927 curarum3
1889 1872 2022 1931 quae
2071 1854 2315 1914 conferri

387 1963 523 2004 cum
547 1963 749 2033 eorum
764 1944 965 2005 studiis
985 1949 1196 2022 potest,
1216 1942 1315 2021 qui
1335 1961 1562 2022 semper
1580 1942 1794 2019 aliquid
1815 1943 2135 2029 anquirunt,
2156 1943 2315 2022 quod

388 2042 613 2114 spectet
651 2042 712 2094 et
749 2035 939 2094 valeat
982 2033 1059 2092 ad
1104 2034 1250 2093 bene
1296 2032 1577 2111 beateque
1614 2031 1956 2092 vivendum?
2003 2032 2123 2092 sive
2169 2033 2314 2092 ratio
2414 2043 2418 2045 “

390 2124 721 2183 constantiae
746 2122 1079 2201 virtutisque
1122 2121 1386 2190 ducitur,
1427 2128 1534 2180 aut
1571 2122 1701 2181 haec
1740 2140 1833 2181 ars
1871 2128 1975 2190 est,
2017 2128 2119 2180 aut
2156 2108 2315 2185 nulla

324 2217 361 2272 6
390 2212 632 2280 omnino,
669 2230 775 2290 per
813 2229 986 2289 quam
1024 2229 1120 2268 eas
1163 2226 1548 2288 assequamur.
1628 2211 1861 2270 Nullam
1905 2211 2094 2271 dicere
2134 2212 2311 2293 maxi-

387 2319 612 2379 marum
658 2320 847 2361 rerum
888 2305 1071 2357 artem
1110 2318 1253 2369 esse,
1284 2318 1417 2357 cum
1451 2300 1809 2371 minimarum
1845 2300 1986 2360 sine
2003 2309 2130 2363 arte
2155 2302 2314 2363 nulla

286 2392 293 2401 '
389 2390 480 2459 sit,
522 2374 814 2448 hominum
851 2396 941 2447 est
989 2407 1223 2468 parum
1240 2387 1593 2448 considerate
1637 2390 1990 2468 loquentium
2035 2398 2209 2469 atque
2253 2391 2313 2450 in

323 2479 359 2541 ’1
386 2479 646 2539 maximis
691 2479 863 2539 rebus
909 2479 1234 2539 errantium.
1320 2478 1384 2537 Si
1423 2485 1617 2540 autem
1657 2486 1747 2538 est
1790 2481 1978 2558 aliqua
2017 2480 2313 2567 disciplina

386 2571 646 2640 virtutis,
633 2590 646 2604 ·
687 2551 788 2630 ubi
830 2588 899 2628 ea
937 2575 1242 2648 quaeretur,
1272 2588 1407 2628 cum
1444 2569 1519 2628 ab
1557 2570 1669 2629 hoc
1710 2569 1965 2630 discendi
1989 2588 2200 2649 genere
2227 2570 2309 2629 di·
2375 2572 2384 2577 ’

323 2667 359 2721 8
388 2662 692 2720 scesseris.
671 2662 699 2704 ‘⁷
780 2660 897 2721 Sed
951 2661 1094 2728 haec,
1146 2679 1278 2719 cum
1325 2660 1402 2718 ad
1435 2659 1872 2740 philosophiam
1926 2661 2310 2730 cohortamur,

385 2751 702 2809 accuratius
729 2750 1008 2829 disputari
1033 2750 1254 2809 solent.
1283 2748 1440 2826 quod
1468 2749 1580 2809 alio
1592 2751 1858 2828 quodam
1882 2750 2026 2809 libro
2050 2750 2308 2810 fecimus.
2334 2788 2347 2799 ·

321 2846 358 2899 9
388 2840 517 2898 Hoc
571 2845 764 2897 autem
810 2845 1068 2917 tempore
1115 2826 1339 2896 tantum
1382 2838 1548 2896 nobis
1596 2839 2000 2900 declarandum
2038 2839 2163 2908 fuit,
2206 2859 2312 2899 cur

385 2928 569 2988 orbati
612 2928 694 2985 rei
733 2926 977 3006 publicae
1016 2927 1346 3007 muneribus
1384 2927 1459 2985 ad
1499 2929 1609 2988 hoc
1648 2949 1753 2989 nos
1791 2929 2045 2991 studium
2084 2929 2309 3039 potissi-

385 3037 547 3078 mum
574 3017 1026 3076 contulissemus.

283 3114 359 3167 10
466 3108 794 3167 Occurritur
832 3114 1025 3165 autem
1064 3104 1265 3174 nobis,
1287 3112 1348 3164 et
1387 3108 1619 3185 quidem
1657 3127 1694 3166 a
1730 3108 1915 3168 doctis
1953 3114 2014 3167 et
2052 3108 2307 3177 eruditis,

297 3215 302 3220 ·
382 3198 786 3277 quaerentibus,
827 3196 1035 3256 satisne
1075 3205 1401 3258 constanter
1438 3199 1627 3258 facere
1665 3198 1976 3266 videamur,
2018 3197 2133 3274 qui,
2176 3216 2309 3259 cum

385 3289 601 3367 percipi
626 3289 763 3347 nihil
789 3278 959 3366 posse
988 3286 1261 3358 dicamus,
1284 3296 1477 3348 tamen
1502 3295 1562 3347 et
1587 3288 1708 3346 aliis
1735 3288 1809 3346 de
1834 3287 2005 3346 rebus
2032 3287 2308 3344 disserere

382 3378 682 3447 soleamuS,
712 3385 772 3436 et
796 3378 906 3435 hoc
933 3376 1059 3455 ipso
1085 3384 1343 3456 tempore
1371 3385 1665 3457 praecepta
1689 3377 1854 3435 officii
1880 3394 2310 3455 persequamur.

282 3469 353 3523 11
386 3466 605 3534 Quibus
623 3467 827 3526 vellem
848 3466 985 3524 satis
1005 3468 1232 3545 cognita
1250 3475 1401 3525 esset
1421 3474 1615 3525 nostra
1633 3467 1927 3525 sententia.
1997 3467 2134 3524 Non
2158 3465 2310 3525 enim

382 3572 581 3615 sumus
606 3555 661 3625 ii,
682 3574 926 3634 quorum
945 3562 1187 3634 vagetur
1211 3557 1432 3616 animus
1451 3573 1658 3626 errore,
1677 3575 1783 3618 nec
1804 3557 2016 3616 hab‘eat
2033 3574 2311 3635 unquam,
