<?xml version="1.0" encoding="UTF-8"?>
<!DOCTYPE html PUBLIC "-//W3C//DTD XHTML 1.0 Transitional//EN"
    "http://www.w3.org/TR/xhtml1/DTD/xhtml1-transitional.dtd">
<html xmlns="http://www.w3.org/1999/xhtml" xml:lang="en" lang="en">
 <head>
  <title>
</title>
<meta http-equiv="Content-Type" content="text/html;charset=utf-8" />
  <meta name='ocr-system' content='tesseract 3.04.00' />
  <meta name='ocr-capabilities' content='ocr_page ocr_carea ocr_par ocr_line ocrx_word'/>
</head>
<body>
  <div class='ocr_page' id='page_1' title='image "./deofficiislibri05cicegoog_0058.png"; bbox 0 0 2592 4142; ppageno 0'>
   <div class='ocr_carea' id='block_1_1' title="bbox 323 229 1516 289">
    <p class='ocr_par' dir='ltr' id='par_1_1' title="bbox 323 229 1516 289">
     <span class='ocr_line' id='line_1_1' title="bbox 323 229 1516 289; baseline 0.003 -3"><span class='ocrx_word' id='word_1_1' title='bbox 323 229 404 289; x_wconf 78' lang='lat'><strong>42</strong></span> <span class='ocrx_word' id='word_1_2' title='bbox 1139 247 1218 287; x_wconf 71' lang='lat' dir='ltr'><strong>ns</strong></span> <span class='ocrx_word' id='word_1_3' title='bbox 1260 247 1516 288; x_wconf 69' lang='lat' dir='ltr'><strong>ors-rens</strong></span> 
     </span>
    </p>
   </div>
   <div class='ocr_carea' id='block_1_2' title="bbox 313 364 2363 1981">
    <p class='ocr_par' dir='ltr' id='par_1_2' title="bbox 360 364 2363 633">
     <span class='ocr_line' id='line_1_2' title="bbox 360 364 2363 456; baseline 0.001 -22"><span class='ocrx_word' id='word_1_4' title='bbox 360 381 400 434; x_wconf 79' lang='lat' dir='ltr'><strong>e</strong></span> <span class='ocrx_word' id='word_1_5' title='bbox 425 381 561 443; x_wconf 76' lang='lat' dir='ltr'><strong>tem,</strong></span> <span class='ocrx_word' id='word_1_6' title='bbox 586 394 762 454; x_wconf 72' lang='lat' dir='ltr'><strong>quam</strong></span> <span class='ocrx_word' id='word_1_7' title='bbox 800 375 898 435; x_wconf 77' lang='lat' dir='ltr'><strong>illa</strong></span> <span class='ocrx_word' id='word_1_8' title='bbox 939 376 1161 454; x_wconf 78' lang='lat' dir='ltr'><strong>perpeti</strong></span> <span class='ocrx_word' id='word_1_9' title='bbox 1201 375 1508 436; x_wconf 61' lang='lat' dir='ltr'><strong>maluimt.</strong></span> <span class='ocrx_word' id='word_1_10' title='bbox 1587 364 1740 447; x_wconf 71' lang='lat' dir='ltr'><strong>‘Quae</strong></span> <span class='ocrx_word' id='word_1_11' title='bbox 1778 375 2235 456; x_wconf 65' lang='lat' dir='ltr'><strong>contemplantes</strong></span> <span class='ocrx_word' id='word_1_12' title='bbox 2261 395 2363 437; x_wconf 84' lang='lat' dir='ltr'><strong>ex-</strong></span> 
     </span>
     <span class='ocr_line' id='line_1_3' title="bbox 423 465 2360 544; baseline 0.002 -21"><span class='ocrx_word' id='word_1_13' title='bbox 423 465 671 544; x_wconf 84' lang='lat' dir='ltr'><strong>pendere</strong></span> <span class='ocrx_word' id='word_1_14' title='bbox 698 467 1000 544; x_wconf 79' lang='lat' dir='ltr'><strong>oportebit,</strong></span> <span class='ocrx_word' id='word_1_15' title='bbox 1022 465 1160 543; x_wconf 90' lang='lat' dir='ltr'><strong>quid</strong></span> <span class='ocrx_word' id='word_1_16' title='bbox 1187 466 1429 543; x_wconf 83' lang='lat' dir='ltr'><strong>quisque</strong></span> <span class='ocrx_word' id='word_1_17' title='bbox 1456 467 1669 525; x_wconf 86' lang='lat' dir='ltr'><strong>habeat</strong></span> <span class='ocrx_word' id='word_1_18' title='bbox 1695 467 1812 525; x_wconf 79' lang='lat' dir='ltr'><strong>sui-t</strong></span> <span class='ocrx_word' id='word_1_19' title='bbox 1844 486 2025 544; x_wconf 88' lang='lat' dir='ltr'><strong>eaque</strong></span> <span class='ocrx_word' id='word_1_20' title='bbox 2053 467 2360 536; x_wconf 86' lang='lat' dir='ltr'><strong>moderari,</strong></span> 
     </span>
     <span class='ocr_line' id='line_1_4' title="bbox 420 553 2361 633; baseline 0.001 -20"><span class='ocrx_word' id='word_1_21' title='bbox 420 574 526 614; x_wconf 90' lang='lat' dir='ltr'><strong>nec</strong></span> <span class='ocrx_word' id='word_1_22' title='bbox 547 553 690 615; x_wconf 84' lang='lat' dir='ltr'><strong>velle</strong></span> <span class='ocrx_word' id='word_1_23' title='bbox 717 555 970 633; x_wconf 86' lang='lat' dir='ltr'><strong>experiri,</strong></span> <span class='ocrx_word' id='word_1_24' title='bbox 993 573 1166 633; x_wconf 86' lang='lat' dir='ltr'><strong>quam</strong></span> <span class='ocrx_word' id='word_1_25' title='bbox 1191 574 1254 613; x_wconf 91' lang='lat' dir='ltr'><strong>se</strong></span> <span class='ocrx_word' id='word_1_26' title='bbox 1280 554 1464 615; x_wconf 88' lang='lat' dir='ltr'><strong>aliena</strong></span> <span class='ocrx_word' id='word_1_27' title='bbox 1492 555 1746 614; x_wconf 83' lang='lat' dir='ltr'><strong>deceant.</strong></span> <span class='ocrx_word' id='word_1_28' title='bbox 1829 557 1904 617; x_wconf 93' lang='lat' dir='ltr'><strong>Id</strong></span> <span class='ocrx_word' id='word_1_29' title='bbox 1932 557 2082 615; x_wconf 89' lang='lat' dir='ltr'><strong>enim</strong></span> <span class='ocrx_word' id='word_1_30' title='bbox 2109 556 2361 615; x_wconf 84' lang='lat' dir='ltr'><strong>maxime</strong></span> 
     </span>
    </p>

    <p class='ocr_par' dir='ltr' id='par_1_3' title="bbox 321 644 2360 903">
     <span class='ocr_line' id='line_1_5' title="bbox 321 644 2360 723; baseline 0.001 -20"><span class='ocrx_word' id='word_1_31' title='bbox 321 650 394 703; x_wconf 84' lang='lat'><strong>10</strong></span> <span class='ocrx_word' id='word_1_32' title='bbox 421 663 705 723; x_wconf 87' lang='lat' dir='ltr'><strong>quemque</strong></span> <span class='ocrx_word' id='word_1_33' title='bbox 746 644 928 713; x_wconf 93' lang='lat' dir='ltr'><strong>decet,</strong></span> <span class='ocrx_word' id='word_1_34' title='bbox 958 644 1115 723; x_wconf 93' lang='lat' dir='ltr'><strong>quod</strong></span> <span class='ocrx_word' id='word_1_35' title='bbox 1154 652 1244 703; x_wconf 87' lang='lat' dir='ltr'><strong>est</strong></span> <span class='ocrx_word' id='word_1_36' title='bbox 1286 645 1565 723; x_wconf 82' lang='lat' dir='ltr'><strong>cujusque</strong></span> <span class='ocrx_word' id='word_1_37' title='bbox 1608 645 1854 704; x_wconf 84' lang='lat' dir='ltr'><strong>maxime</strong></span> <span class='ocrx_word' id='word_1_38' title='bbox 1898 665 2083 704; x_wconf 88' lang='lat' dir='ltr'><strong>suum.</strong></span> <span class='ocrx_word' id='word_1_39' title='bbox 2168 646 2360 705; x_wconf 85' lang='lat' dir='ltr'><strong>Suum</strong></span> 
     </span>
     <span class='ocr_line' id='line_1_6' title="bbox 420 734 2359 819; baseline 0 -26"><span class='ocrx_word' id='word_1_40' title='bbox 420 734 659 813; x_wconf 89' lang='lat' dir='ltr'><strong>quisque</strong></span> <span class='ocrx_word' id='word_1_41' title='bbox 698 734 872 814; x_wconf 86' lang='lat' dir='ltr'><strong>igitur</strong></span> <span class='ocrx_word' id='word_1_42' title='bbox 909 741 1110 793; x_wconf 86' lang='lat' dir='ltr'><strong>noscat</strong></span> <span class='ocrx_word' id='word_1_43' title='bbox 1147 734 1455 813; x_wconf 83' lang='lat' dir='ltr'><strong>ingenium,</strong></span> <span class='ocrx_word' id='word_1_44' title='bbox 1483 752 1785 819; x_wconf 88' lang='lat' dir='ltr'><strong>acremque</strong></span> <span class='ocrx_word' id='word_1_45' title='bbox 1812 754 1874 794; x_wconf 89' lang='lat' dir='ltr'><strong>se</strong></span> <span class='ocrx_word' id='word_1_46' title='bbox 1900 743 1961 794; x_wconf 91' lang='lat' dir='ltr'><strong>et</strong></span> <span class='ocrx_word' id='word_1_47' title='bbox 1983 736 2267 795; x_wconf 89' lang='lat' dir='ltr'><strong>bonorum</strong></span> <span class='ocrx_word' id='word_1_48' title='bbox 2298 741 2359 795; x_wconf 90' lang='lat' dir='ltr'><strong>et</strong></span> 
     </span>
     <span class='ocr_line' id='line_1_7' title="bbox 382 822 2357 903; baseline 0.002 -21"><span class='ocrx_word' id='word_1_49' title='bbox 382 866 387 873; x_wconf 83' lang='lat'><em>-</em></span> <span class='ocrx_word' id='word_1_50' title='bbox 419 822 683 883; x_wconf 84' lang='lat' dir='ltr'><strong>vitiorum</strong></span> <span class='ocrx_word' id='word_1_51' title='bbox 729 842 961 885; x_wconf 86' lang='lat' dir='ltr'><strong>suorum</strong></span> <span class='ocrx_word' id='word_1_52' title='bbox 1001 823 1255 902; x_wconf 80' lang='lat' dir='ltr'><strong>judicem</strong></span> <span class='ocrx_word' id='word_1_53' title='bbox 1302 824 1578 902; x_wconf 79' lang='lat' dir='ltr'><strong>praebeat,</strong></span> <span class='ocrx_word' id='word_1_54' title='bbox 1619 843 1691 883; x_wconf 91' lang='lat' dir='ltr'><strong>ne</strong></span> <span class='ocrx_word' id='word_1_55' title='bbox 1738 824 1945 885; x_wconf 85' lang='lat' dir='ltr'><strong>scenici</strong></span> <span class='ocrx_word' id='word_1_56' title='bbox 1989 825 2138 902; x_wconf 89' lang='lat' dir='ltr'><strong>plus,</strong></span> <span class='ocrx_word' id='word_1_57' title='bbox 2180 844 2357 903; x_wconf 83' lang='lat' dir='ltr'><strong>quam</strong></span> 
     </span>
    </p>

    <p class='ocr_par' dir='ltr' id='par_1_4' title="bbox 318 912 2359 1261">
     <span class='ocr_line' id='line_1_8' title="bbox 318 912 2355 993; baseline 0 -21"><span class='ocrx_word' id='word_1_58' title='bbox 318 918 388 972; x_wconf 92' lang='lat'><strong>11</strong></span> <span class='ocrx_word' id='word_1_59' title='bbox 419 932 540 982; x_wconf 90' lang='lat' dir='ltr'><strong>nos,</strong></span> <span class='ocrx_word' id='word_1_60' title='bbox 581 912 881 972; x_wconf 85' lang='lat' dir='ltr'><strong>videantur</strong></span> <span class='ocrx_word' id='word_1_61' title='bbox 921 912 1134 975; x_wconf 85' lang='lat' dir='ltr'><strong>habere</strong></span> <span class='ocrx_word' id='word_1_62' title='bbox 1177 912 1519 992; x_wconf 74' lang='lat' dir='ltr'><strong>prudentiae.</strong></span> <span class='ocrx_word' id='word_1_63' title='bbox 1600 913 1694 972; x_wconf 90' lang='lat' dir='ltr'><strong>Illi</strong></span> <span class='ocrx_word' id='word_1_64' title='bbox 1736 913 1885 972; x_wconf 88' lang='lat' dir='ltr'><strong>enim</strong></span> <span class='ocrx_word' id='word_1_65' title='bbox 1927 933 2042 973; x_wconf 89' lang='lat' dir='ltr'><strong>non</strong></span> <span class='ocrx_word' id='word_1_66' title='bbox 2083 914 2355 993; x_wconf 76' lang='lat' dir='ltr'><strong>optimae,</strong></span> 
     </span>
     <span class='ocr_line' id='line_1_9' title="bbox 418 1002 2359 1082; baseline -0.001 -17"><span class='ocrx_word' id='word_1_67' title='bbox 418 1002 522 1065; x_wconf 81' lang='lat' dir='ltr'><strong>sed</strong></span> <span class='ocrx_word' id='word_1_68' title='bbox 547 1002 653 1062; x_wconf 83' lang='lat' dir='ltr'><strong>sibi</strong></span> <span class='ocrx_word' id='word_1_69' title='bbox 678 1002 1292 1062; x_wconf 73' lang='lat' dir='ltr'><strong>accommodatissimas</strong></span> <span class='ocrx_word' id='word_1_70' title='bbox 1333 1002 1557 1061; x_wconf 86' lang='lat' dir='ltr'><strong>fabulas</strong></span> <span class='ocrx_word' id='word_1_71' title='bbox 1595 1002 1827 1082; x_wconf 85' lang='lat' dir='ltr'><strong>eligunt.</strong></span> <span class='ocrx_word' id='word_1_72' title='bbox 1911 1003 2023 1074; x_wconf 84' lang='lat' dir='ltr'><strong>Qui</strong></span> <span class='ocrx_word' id='word_1_73' title='bbox 2037 1022 2189 1062; x_wconf 75' lang='lat' dir='ltr'><strong>-voce</strong></span> <span class='ocrx_word' id='word_1_74' title='bbox 2221 1004 2359 1063; x_wconf 79' lang='lat' dir='ltr'><strong>freti</strong></span> 
     </span>
     <span class='ocr_line' id='line_1_10' title="bbox 417 1091 2355 1172; baseline -0.001 -19"><span class='ocrx_word' id='word_1_75' title='bbox 417 1100 568 1163; x_wconf 86' lang='lat' dir='ltr'><strong>sunt,</strong></span> <span class='ocrx_word' id='word_1_76' title='bbox 617 1093 911 1172; x_wconf 79' lang='lat' dir='ltr'><strong>Epigonos</strong></span> <span class='ocrx_word' id='word_1_77' title='bbox 957 1092 1342 1170; x_wconf 83' lang='lat' dir='ltr'><strong>Medumque:</strong></span> <span class='ocrx_word' id='word_1_78' title='bbox 1385 1091 1484 1171; x_wconf 87' lang='lat' dir='ltr'><strong>qui</strong></span> <span class='ocrx_word' id='word_1_79' title='bbox 1529 1099 1717 1172; x_wconf 85' lang='lat' dir='ltr'><strong>gestu,</strong></span> <span class='ocrx_word' id='word_1_80' title='bbox 1766 1092 2170 1172; x_wconf 71' lang='lat' dir='ltr'><strong>Melanippum,</strong></span> <span class='ocrx_word' id='word_1_81' title='bbox 2214 1094 2355 1171; x_wconf 83' lang='lat' dir='ltr'><strong>Oly-</strong></span> 
     </span>
     <span class='ocr_line' id='line_1_11' title="bbox 414 1181 2353 1261; baseline -0.001 -19"><span class='ocrx_word' id='word_1_82' title='bbox 414 1189 832 1242; x_wconf 85' lang='lat' dir='ltr'><strong>taemnestram:</strong></span> <span class='ocrx_word' id='word_1_83' title='bbox 874 1201 1102 1261; x_wconf 87' lang='lat' dir='ltr'><strong>semper</strong></span> <span class='ocrx_word' id='word_1_84' title='bbox 1146 1181 1426 1260; x_wconf 88' lang='lat' dir='ltr'><strong>Rupilius,</strong></span> <span class='ocrx_word' id='word_1_85' title='bbox 1478 1199 1651 1260; x_wconf 89' lang='lat' dir='ltr'><strong>quem</strong></span> <span class='ocrx_word' id='word_1_86' title='bbox 1698 1201 1810 1261; x_wconf 91' lang='lat' dir='ltr'><strong>ego</strong></span> <span class='ocrx_word' id='word_1_87' title='bbox 1855 1182 2102 1252; x_wconf 88' lang='lat' dir='ltr'><strong>memini,</strong></span> <span class='ocrx_word' id='word_1_88' title='bbox 2145 1182 2353 1241; x_wconf 85' lang='lat' dir='ltr'><strong>Antio-</strong></span> 
     </span>
    </p>

    <p class='ocr_par' dir='ltr' id='par_1_5' title="bbox 314 1271 2358 1799">
     <span class='ocr_line' id='line_1_12' title="bbox 314 1271 2358 1352; baseline 0 -19"><span class='ocrx_word' id='word_1_89' title='bbox 314 1278 388 1333; x_wconf 87' lang='lat'><strong>12</strong></span> <span class='ocrx_word' id='word_1_90' title='bbox 418 1292 588 1352; x_wconf 87' lang='lat' dir='ltr'><strong>pam;</strong></span> <span class='ocrx_word' id='word_1_91' title='bbox 628 1291 741 1330; x_wconf 91' lang='lat' dir='ltr'><strong>non</strong></span> <span class='ocrx_word' id='word_1_92' title='bbox 768 1290 924 1350; x_wconf 82' lang='lat' dir='ltr'><strong>saepe</strong></span> <span class='ocrx_word' id='word_1_93' title='bbox 951 1274 1211 1349; x_wconf 87' lang='lat' dir='ltr'><strong>AEsopus</strong></span> <span class='ocrx_word' id='word_1_94' title='bbox 1238 1271 1501 1349; x_wconf 85' lang='lat' dir='ltr'><strong>Ajacem.</strong></span> <span class='ocrx_word' id='word_1_95' title='bbox 1581 1272 1739 1351; x_wconf 82' lang='lat' dir='ltr'><strong>Ergo</strong></span> <span class='ocrx_word' id='word_1_96' title='bbox 1773 1272 1972 1340; x_wconf 80' lang='lat' dir='ltr'><strong>histrio</strong></span> <span class='ocrx_word' id='word_1_97' title='bbox 1998 1272 2108 1331; x_wconf 91' lang='lat' dir='ltr'><strong>hoc</strong></span> <span class='ocrx_word' id='word_1_98' title='bbox 2123 1272 2358 1333; x_wconf 58' lang='lat' dir='ltr'><strong>videbit</strong></span> 
     </span>
     <span class='ocr_line' id='line_1_13' title="bbox 415 1359 2358 1441; baseline 0 -20"><span class='ocrx_word' id='word_1_99' title='bbox 415 1363 475 1421; x_wconf 91' lang='lat' dir='ltr'><strong>in</strong></span> <span class='ocrx_word' id='word_1_100' title='bbox 499 1379 686 1429; x_wconf 88' lang='lat' dir='ltr'><strong>scena,</strong></span> <span class='ocrx_word' id='word_1_101' title='bbox 713 1379 830 1419; x_wconf 87' lang='lat' dir='ltr'><strong>non</strong></span> <span class='ocrx_word' id='word_1_102' title='bbox 853 1361 1072 1420; x_wconf 84' lang='lat' dir='ltr'><strong>videbit</strong></span> <span class='ocrx_word' id='word_1_103' title='bbox 1098 1360 1323 1438; x_wconf 88' lang='lat' dir='ltr'><strong>sapiens</strong></span> <span class='ocrx_word' id='word_1_104' title='bbox 1343 1359 1429 1420; x_wconf 82' lang='lat' dir='ltr'><strong>vir</strong></span> <span class='ocrx_word' id='word_1_105' title='bbox 1452 1360 1513 1419; x_wconf 92' lang='lat' dir='ltr'><strong>in</strong></span> <span class='ocrx_word' id='word_1_106' title='bbox 1537 1361 1697 1419; x_wconf 77' lang='lat' dir='ltr'><strong>vita?</strong></span> <span class='ocrx_word' id='word_1_107' title='bbox 1755 1361 1862 1420; x_wconf 89' lang='lat' dir='ltr'><strong>Ad</strong></span> <span class='ocrx_word' id='word_1_108' title='bbox 1887 1381 2031 1440; x_wconf 90' lang='lat' dir='ltr'><strong>quas</strong></span> <span class='ocrx_word' id='word_1_109' title='bbox 2057 1361 2233 1441; x_wconf 86' lang='lat' dir='ltr'><strong>igitur</strong></span> <span class='ocrx_word' id='word_1_110' title='bbox 2257 1382 2358 1422; x_wconf 83' lang='lat' dir='ltr'><strong>res</strong></span> 
     </span>
     <span class='ocr_line' id='line_1_14' title="bbox 417 1449 2354 1530; baseline 0.001 -20"><span class='ocrx_word' id='word_1_111' title='bbox 417 1450 692 1530; x_wconf 84' lang='lat' dir='ltr'><strong>aptissimi</strong></span> <span class='ocrx_word' id='word_1_112' title='bbox 731 1451 956 1519; x_wconf 88' lang='lat' dir='ltr'><strong>erimus,</strong></span> <span class='ocrx_word' id='word_1_113' title='bbox 984 1450 1044 1509; x_wconf 90' lang='lat' dir='ltr'><strong>in</strong></span> <span class='ocrx_word' id='word_1_114' title='bbox 1082 1450 1149 1509; x_wconf 91' lang='lat' dir='ltr'><strong>iis</strong></span> <span class='ocrx_word' id='word_1_115' title='bbox 1189 1449 1547 1529; x_wconf 89' lang='lat' dir='ltr'><strong>potissimum</strong></span> <span class='ocrx_word' id='word_1_116' title='bbox 1590 1450 2021 1511; x_wconf 80' lang='lat' dir='ltr'><strong>elaborabimus.</strong></span> <span class='ocrx_word' id='word_1_117' title='bbox 2105 1451 2206 1511; x_wconf 80' lang='lat' dir='ltr'><strong>Sin</strong></span> <span class='ocrx_word' id='word_1_118' title='bbox 2249 1452 2354 1511; x_wconf 90' lang='lat' dir='ltr'><strong>ali-</strong></span> 
     </span>
     <span class='ocr_line' id='line_1_15' title="bbox 415 1539 2357 1621; baseline 0.001 -21"><span class='ocrx_word' id='word_1_119' title='bbox 415 1542 646 1619; x_wconf 89' lang='lat' dir='ltr'><strong>quando</strong></span> <span class='ocrx_word' id='word_1_120' title='bbox 688 1540 994 1601; x_wconf 77' lang='lat' dir='ltr'><strong>necessitas</strong></span> <span class='ocrx_word' id='word_1_121' title='bbox 1035 1558 1140 1599; x_wconf 88' lang='lat' dir='ltr'><strong>nos</strong></span> <span class='ocrx_word' id='word_1_122' title='bbox 1177 1540 1254 1599; x_wconf 88' lang='lat' dir='ltr'><strong>ad</strong></span> <span class='ocrx_word' id='word_1_123' title='bbox 1293 1558 1364 1598; x_wconf 87' lang='lat' dir='ltr'><strong>ea</strong></span> <span class='ocrx_word' id='word_1_124' title='bbox 1402 1539 1724 1609; x_wconf 82' lang='lat' dir='ltr'><strong>detruserit,</strong></span> <span class='ocrx_word' id='word_1_125' title='bbox 1754 1559 1886 1619; x_wconf 83' lang='lat' dir='ltr'><strong>quae</strong></span> <span class='ocrx_word' id='word_1_126' title='bbox 1923 1541 2103 1600; x_wconf 82' lang='lat' dir='ltr'><strong>nostri</strong></span> <span class='ocrx_word' id='word_1_127' title='bbox 2139 1541 2357 1621; x_wconf 85' lang='lat' dir='ltr'><strong>ingenii</strong></span> 
     </span>
     <span class='ocr_line' id='line_1_16' title="bbox 415 1628 2354 1709; baseline 0.001 -19"><span class='ocrx_word' id='word_1_128' title='bbox 415 1650 530 1690; x_wconf 90' lang='lat' dir='ltr'><strong>non</strong></span> <span class='ocrx_word' id='word_1_129' title='bbox 556 1639 739 1702; x_wconf 86' lang='lat' dir='ltr'><strong>erunt,</strong></span> <span class='ocrx_word' id='word_1_130' title='bbox 767 1630 967 1689; x_wconf 77' lang='lat' dir='ltr'><strong>omnis</strong></span> <span class='ocrx_word' id='word_1_131' title='bbox 986 1628 1313 1689; x_wconf 86' lang='lat' dir='ltr'><strong>adhibenda</strong></span> <span class='ocrx_word' id='word_1_132' title='bbox 1355 1629 1462 1688; x_wconf 88' lang='lat' dir='ltr'><strong>erit</strong></span> <span class='ocrx_word' id='word_1_133' title='bbox 1498 1646 1653 1698; x_wconf 87' lang='lat' dir='ltr'><strong>cura,</strong></span> <span class='ocrx_word' id='word_1_134' title='bbox 1693 1629 2002 1699; x_wconf 84' lang='lat' dir='ltr'><strong>meditatie,</strong></span> <span class='ocrx_word' id='word_1_135' title='bbox 2041 1630 2354 1709; x_wconf 84' lang='lat' dir='ltr'><strong>diligentia,</strong></span> 
     </span>
     <span class='ocr_line' id='line_1_17' title="bbox 414 1718 2354 1799; baseline 0 -17"><span class='ocrx_word' id='word_1_136' title='bbox 414 1728 484 1782; x_wconf 88' lang='lat' dir='ltr'><strong>ut</strong></span> <span class='ocrx_word' id='word_1_137' title='bbox 508 1742 593 1791; x_wconf 90' lang='lat' dir='ltr'><strong>ea,</strong></span> <span class='ocrx_word' id='word_1_138' title='bbox 622 1723 671 1782; x_wconf 92' lang='lat' dir='ltr'><strong>si</strong></span> <span class='ocrx_word' id='word_1_139' title='bbox 695 1741 810 1780; x_wconf 88' lang='lat' dir='ltr'><strong>non</strong></span> <span class='ocrx_word' id='word_1_140' title='bbox 850 1721 1072 1790; x_wconf 87' lang='lat' dir='ltr'><strong>decore,</strong></span> <span class='ocrx_word' id='word_1_141' title='bbox 1101 1727 1162 1779; x_wconf 89' lang='lat' dir='ltr'><strong>at</strong></span> <span class='ocrx_word' id='word_1_142' title='bbox 1200 1736 1375 1797; x_wconf 89' lang='lat' dir='ltr'><strong>quam</strong></span> <span class='ocrx_word' id='word_1_143' title='bbox 1414 1718 1643 1777; x_wconf 89' lang='lat' dir='ltr'><strong>minime</strong></span> <span class='ocrx_word' id='word_1_144' title='bbox 1685 1718 1947 1779; x_wconf 84' lang='lat' dir='ltr'><strong>indecore</strong></span> <span class='ocrx_word' id='word_1_145' title='bbox 1989 1719 2177 1779; x_wconf 90' lang='lat' dir='ltr'><strong>facere</strong></span> <span class='ocrx_word' id='word_1_146' title='bbox 2217 1741 2354 1799; x_wconf 86' lang='lat' dir='ltr'><strong>pos-</strong></span> 
     </span>
    </p>

    <p class='ocr_par' dir='ltr' id='par_1_6' title="bbox 313 1802 2357 1981">
     <span class='ocr_line' id='line_1_18' title="bbox 313 1802 2357 1889; baseline -0 -17"><span class='ocrx_word' id='word_1_147' title='bbox 313 1817 387 1872; x_wconf 81' lang='lat'><strong>13</strong></span> <span class='ocrx_word' id='word_1_148' title='bbox 417 1812 608 1873; x_wconf 88' lang='lat' dir='ltr'><strong>simus.</strong></span> <span class='ocrx_word' id='word_1_149' title='bbox 690 1812 816 1871; x_wconf 85' lang='lat' dir='ltr'><strong>Nee</strong></span> <span class='ocrx_word' id='word_1_150' title='bbox 857 1819 979 1870; x_wconf 90' lang='lat' dir='ltr'><strong>tam</strong></span> <span class='ocrx_word' id='word_1_151' title='bbox 1019 1817 1108 1870; x_wconf 90' lang='lat' dir='ltr'><strong>est</strong></span> <span class='ocrx_word' id='word_1_152' title='bbox 1147 1809 1493 1877; x_wconf 85' lang='lat' dir='ltr'><strong>enitendum,</strong></span> <span class='ocrx_word' id='word_1_153' title='bbox 1522 1815 1591 1866; x_wconf 90' lang='lat' dir='ltr'><strong>ut</strong></span> <span class='ocrx_word' id='word_1_154' title='bbox 1630 1809 1797 1878; x_wconf 85' lang='lat' dir='ltr'><strong>bona,</strong></span> <span class='ocrx_word' id='word_1_155' title='bbox 1838 1828 1966 1889; x_wconf 77' lang='lat' dir='ltr'><strong>quae</strong></span> <span class='ocrx_word' id='word_1_156' title='bbox 2005 1802 2171 1870; x_wconf 80' lang='lat' dir='ltr'><strong>nobis</strong></span> <span class='ocrx_word' id='word_1_157' title='bbox 2213 1810 2357 1872; x_wconf 87' lang='lat' dir='ltr'><strong>data</strong></span> 
     </span>
     <span class='ocr_line' id='line_1_19' title="bbox 413 1897 1830 1981; baseline -0.002 -19"><span class='ocrx_word' id='word_1_158' title='bbox 413 1922 530 1962; x_wconf 91' lang='lat' dir='ltr'><strong>non</strong></span> <span class='ocrx_word' id='word_1_159' title='bbox 554 1902 687 1973; x_wconf 90' lang='lat' dir='ltr'><strong>sint,</strong></span> <span class='ocrx_word' id='word_1_160' title='bbox 714 1920 1037 1981; x_wconf 80' lang='lat' dir='ltr'><strong>sequamur,</strong></span> <span class='ocrx_word' id='word_1_161' title='bbox 1065 1918 1242 1981; x_wconf 87' lang='lat' dir='ltr'><strong>quam</strong></span> <span class='ocrx_word' id='word_1_162' title='bbox 1267 1906 1336 1961; x_wconf 91' lang='lat' dir='ltr'><strong>ut</strong></span> <span class='ocrx_word' id='word_1_163' title='bbox 1362 1898 1498 1958; x_wconf 85' lang='lat' dir='ltr'><strong>vitia</strong></span> <span class='ocrx_word' id='word_1_164' title='bbox 1521 1897 1830 1977; x_wconf 77' lang='lat' dir='ltr'><strong>fugiamus.</strong></span> 
     </span>
    </p>
   </div>
   <div class='ocr_carea' id='block_1_3' title="bbox 235 2076 2364 3685">
    <p class='ocr_par' dir='ltr' id='par_1_7' title="bbox 409 2076 2353 2251">
     <span class='ocr_line' id='line_1_20' title="bbox 493 2076 2353 2158; baseline -0.002 -17"><span class='ocrx_word' id='word_1_165' title='bbox 493 2082 741 2142; x_wconf 88' lang='lat' dir='ltr'><strong>XXXII.</strong></span> <span class='ocrx_word' id='word_1_166' title='bbox 769 2080 873 2141; x_wconf 81' lang='lat' dir='ltr'><strong>Ac</strong></span> <span class='ocrx_word' id='word_1_167' title='bbox 883 2079 1110 2140; x_wconf 84' lang='lat' dir='ltr'><strong>duabus</strong></span> <span class='ocrx_word' id='word_1_168' title='bbox 1129 2078 1218 2139; x_wconf 88' lang='lat' dir='ltr'><strong>his</strong></span> <span class='ocrx_word' id='word_1_169' title='bbox 1245 2076 1519 2158; x_wconf 86' lang='lat' dir='ltr'><strong>personis,</strong></span> <span class='ocrx_word' id='word_1_170' title='bbox 1541 2096 1686 2156; x_wconf 88' lang='lat' dir='ltr'><strong>quas</strong></span> <span class='ocrx_word' id='word_1_171' title='bbox 1705 2097 1881 2157; x_wconf 81' lang='lat' dir='ltr'><strong>supra</strong></span> <span class='ocrx_word' id='word_1_172' title='bbox 1901 2079 2033 2149; x_wconf 87' lang='lat' dir='ltr'><strong>dixi,</strong></span> <span class='ocrx_word' id='word_1_173' title='bbox 2057 2079 2227 2139; x_wconf 85' lang='lat' dir='ltr'><strong>tertia</strong></span> <span class='ocrx_word' id='word_1_174' title='bbox 2246 2079 2353 2138; x_wconf 89' lang='lat' dir='ltr'><strong>ad·</strong></span> 
     </span>
     <span class='ocr_line' id='line_1_21' title="bbox 409 2168 2352 2251; baseline -0.001 -21"><span class='ocrx_word' id='word_1_175' title='bbox 409 2171 690 2251; x_wconf 85' lang='lat' dir='ltr'><strong>jungitur,</strong></span> <span class='ocrx_word' id='word_1_176' title='bbox 707 2189 882 2248; x_wconf 90' lang='lat' dir='ltr'><strong>quam</strong></span> <span class='ocrx_word' id='word_1_177' title='bbox 901 2189 1067 2229; x_wconf 85' lang='lat' dir='ltr'><strong>casus</strong></span> <span class='ocrx_word' id='word_1_178' title='bbox 1083 2170 1256 2247; x_wconf 87' lang='lat' dir='ltr'><strong>aliqui</strong></span> <span class='ocrx_word' id='word_1_179' title='bbox 1273 2176 1378 2228; x_wconf 87' lang='lat' dir='ltr'><strong>aut</strong></span> <span class='ocrx_word' id='word_1_180' title='bbox 1396 2175 1628 2246; x_wconf 84' lang='lat' dir='ltr'><strong>tempus</strong></span> <span class='ocrx_word' id='word_1_181' title='bbox 1642 2168 1914 2247; x_wconf 85' lang='lat' dir='ltr'><strong>imponit:</strong></span> <span class='ocrx_word' id='word_1_182' title='bbox 1943 2177 2148 2247; x_wconf 86' lang='lat' dir='ltr'><strong>quarta</strong></span> <span class='ocrx_word' id='word_1_183' title='bbox 2159 2169 2352 2239; x_wconf 90' lang='lat' dir='ltr'><strong>etiam,</strong></span> 
     </span>
    </p>

    <p class='ocr_par' dir='ltr' id='par_1_8' title="bbox 348 2259 2357 3056">
     <span class='ocr_line' id='line_1_22' title="bbox 350 2259 2357 2339; baseline -0 -19"><span class='ocrx_word' id='word_1_184' title='bbox 350 2267 387 2320; x_wconf 83' lang='lat'>2</span> <span class='ocrx_word' id='word_1_185' title='bbox 417 2279 592 2339; x_wconf 84' lang='lat' dir='ltr'><strong>quam</strong></span> <span class='ocrx_word' id='word_1_186' title='bbox 630 2260 914 2319; x_wconf 87' lang='lat' dir='ltr'><strong>nobismet</strong></span> <span class='ocrx_word' id='word_1_187' title='bbox 952 2259 1061 2339; x_wconf 89' lang='lat' dir='ltr'><strong>ipsi</strong></span> <span class='ocrx_word' id='word_1_188' title='bbox 1103 2259 1320 2337; x_wconf 83' lang='lat' dir='ltr'><strong>judicio</strong></span> <span class='ocrx_word' id='word_1_189' title='bbox 1357 2264 1554 2318; x_wconf 75' lang='lat' dir='ltr'><strong>nostro</strong></span> <span class='ocrx_word' id='word_1_190' title='bbox 1595 2259 2113 2319; x_wconf 81' lang='lat' dir='ltr'><strong>accommodamus.</strong></span> <span class='ocrx_word' id='word_1_191' title='bbox 2196 2259 2357 2319; x_wconf 79' lang='lat' dir='ltr'><strong>Nam</strong></span> 
     </span>
     <span class='ocr_line' id='line_1_23' title="bbox 413 2347 2350 2429; baseline -0.002 -19"><span class='ocrx_word' id='word_1_192' title='bbox 413 2366 609 2429; x_wconf 83' lang='lat' dir='ltr'><strong>regna,</strong></span> <span class='ocrx_word' id='word_1_193' title='bbox 659 2348 915 2427; x_wconf 87' lang='lat' dir='ltr'><strong>imperia,</strong></span> <span class='ocrx_word' id='word_1_194' title='bbox 963 2347 1304 2421; x_wconf 75' lang='lat' dir='ltr'><strong>nobilitates,</strong></span> <span class='ocrx_word' id='word_1_195' title='bbox 1352 2349 1630 2419; x_wconf 47' lang='lat' dir='ltr'><strong>honoress</strong></span> <span class='ocrx_word' id='word_1_196' title='bbox 1660 2348 1893 2417; x_wconf 81' lang='lat' dir='ltr'><strong>divitiae,</strong></span> <span class='ocrx_word' id='word_1_197' title='bbox 1943 2367 2106 2427; x_wconf 75' lang='lat' dir='ltr'><strong>opeS,</strong></span> <span class='ocrx_word' id='word_1_198' title='bbox 2149 2368 2350 2427; x_wconf 87' lang='lat' dir='ltr'><strong>eaque,</strong></span> 
     </span>
     <span class='ocr_line' id='line_1_24' title="bbox 412 2430 2352 2519; baseline -0.002 -18"><span class='ocrx_word' id='word_1_199' title='bbox 412 2459 547 2519; x_wconf 82' lang='lat' dir='ltr'><strong>quae</strong></span> <span class='ocrx_word' id='word_1_200' title='bbox 586 2445 724 2501; x_wconf 72' lang='lat' dir='ltr'><strong>sunt</strong></span> <span class='ocrx_word' id='word_1_201' title='bbox 761 2438 850 2497; x_wconf 79' lang='lat' dir='ltr'><strong>his</strong></span> <span class='ocrx_word' id='word_1_202' title='bbox 889 2438 1185 2507; x_wconf 81' lang='lat' dir='ltr'><strong>contraria,</strong></span> <span class='ocrx_word' id='word_1_203' title='bbox 1211 2438 1271 2499; x_wconf 88' lang='lat' dir='ltr'><strong>in</strong></span> <span class='ocrx_word' id='word_1_204' title='bbox 1308 2456 1446 2497; x_wconf 87' lang='lat' dir='ltr'><strong>casu</strong></span> <span class='ocrx_word' id='word_1_205' title='bbox 1480 2439 1606 2509; x_wconf 88' lang='lat' dir='ltr'><strong>sita,</strong></span> <span class='ocrx_word' id='word_1_206' title='bbox 1634 2438 1986 2518; x_wconf 85' lang='lat' dir='ltr'><strong>temporibus</strong></span> <span class='ocrx_word' id='word_1_207' title='bbox 2013 2430 2352 2518; x_wconf 69' lang='lat' dir='ltr'><strong>‹gubernan-</strong></span> 
     </span>
     <span class='ocr_line' id='line_1_25' title="bbox 349 2528 2357 2609; baseline -0.002 -18"><span class='ocrx_word' id='word_1_208' title='bbox 349 2537 386 2591; x_wconf 76' lang='lat'><strong>3</strong></span> <span class='ocrx_word' id='word_1_209' title='bbox 413 2537 525 2590; x_wconf 85' lang='lat' dir='ltr'><strong>tur.</strong></span> <span class='ocrx_word' id='word_1_210' title='bbox 595 2528 718 2609; x_wconf 87' lang='lat' dir='ltr'><strong>Ipsi</strong></span> <span class='ocrx_word' id='word_1_211' title='bbox 742 2535 937 2588; x_wconf 86' lang='lat' dir='ltr'><strong>autem</strong></span> <span class='ocrx_word' id='word_1_212' title='bbox 963 2545 1161 2608; x_wconf 90' lang='lat' dir='ltr'><strong>gerere</strong></span> <span class='ocrx_word' id='word_1_213' title='bbox 1182 2547 1357 2606; x_wconf 87' lang='lat' dir='ltr'><strong>quam</strong></span> <span class='ocrx_word' id='word_1_214' title='bbox 1383 2548 1424 2607; x_wconf 93' lang='lat' dir='ltr'><strong>p</strong></span> <span class='ocrx_word' id='word_1_215' title='bbox 1442 2547 1797 2589; x_wconf 87' lang='lat' dir='ltr'><strong>ersonam</strong></span> <span class='ocrx_word' id='word_1_216' title='bbox 1822 2528 2078 2598; x_wconf 84' lang='lat' dir='ltr'><strong>velimus,</strong></span> <span class='ocrx_word' id='word_1_217' title='bbox 2100 2536 2357 2588; x_wconf 86' lang='lat' dir='ltr'><strong>anostra</strong></span> 
     </span>
     <span class='ocr_line' id='line_1_26' title="bbox 412 2618 2355 2699; baseline 0.001 -18"><span class='ocrx_word' id='word_1_218' title='bbox 412 2622 704 2681; x_wconf 78' lang='lat' dir='ltr'><strong>voluntate</strong></span> <span class='ocrx_word' id='word_1_219' title='bbox 748 2618 1137 2698; x_wconf 82' lang='lat' dir='ltr'><strong>proficiscitur.</strong></span> <span class='ocrx_word' id='word_1_220' title='bbox 1218 2620 1435 2697; x_wconf 65' lang='lat' dir='ltr'><strong>Itaque,</strong></span> <span class='ocrx_word' id='word_1_221' title='bbox 1454 2637 1518 2678; x_wconf 88' lang='lat' dir='ltr'><strong>se</strong></span> <span class='ocrx_word' id='word_1_222' title='bbox 1552 2619 1646 2687; x_wconf 85' lang='lat' dir='ltr'><strong>alii</strong></span> <span class='ocrx_word' id='word_1_223' title='bbox 1679 2620 1756 2679; x_wconf 88' lang='lat' dir='ltr'><strong>ad</strong></span> <span class='ocrx_word' id='word_1_224' title='bbox 1791 2619 2232 2699; x_wconf 77' lang='lat' dir='ltr'><strong>philosophiam,</strong></span> <span class='ocrx_word' id='word_1_225' title='bbox 2258 2619 2355 2683; x_wconf 78' lang='lat' dir='ltr'><strong>alii</strong></span> 
     </span>
     <span class='ocr_line' id='line_1_27' title="bbox 413 2708 2353 2789; baseline -0.001 -19"><span class='ocrx_word' id='word_1_226' title='bbox 413 2711 490 2770; x_wconf 88' lang='lat' dir='ltr'><strong>ad</strong></span> <span class='ocrx_word' id='word_1_227' title='bbox 512 2710 609 2789; x_wconf 90' lang='lat' dir='ltr'><strong>jus</strong></span> <span class='ocrx_word' id='word_1_228' title='bbox 636 2709 814 2777; x_wconf 85' lang='lat' dir='ltr'><strong>eivile,</strong></span> <span class='ocrx_word' id='word_1_229' title='bbox 843 2709 935 2767; x_wconf 90' lang='lat' dir='ltr'><strong>alii</strong></span> <span class='ocrx_word' id='word_1_230' title='bbox 960 2708 1037 2767; x_wconf 86' lang='lat' dir='ltr'><strong>ad</strong></span> <span class='ocrx_word' id='word_1_231' title='bbox 1063 2708 1444 2786; x_wconf 85' lang='lat' dir='ltr'><strong>eloquentiam</strong></span> <span class='ocrx_word' id='word_1_232' title='bbox 1480 2709 1770 2788; x_wconf 86' lang='lat' dir='ltr'><strong>applicant</strong></span> <span class='ocrx_word' id='word_1_233' title='bbox 1791 2727 1807 2778; x_wconf 89' lang='lat'>;</span> <span class='ocrx_word' id='word_1_234' title='bbox 1847 2709 2213 2788; x_wconf 88' lang='lat' dir='ltr'><strong>ipsarumque</strong></span> <span class='ocrx_word' id='word_1_235' title='bbox 2239 2709 2353 2769; x_wconf 81' lang='lat' dir='ltr'><strong>vir-</strong></span> 
     </span>
     <span class='ocr_line' id='line_1_28' title="bbox 348 2797 2356 2877; baseline -0.001 -17"><span class='ocrx_word' id='word_1_236' title='bbox 348 2805 387 2860; x_wconf 89' lang='lat'>4</span> <span class='ocrx_word' id='word_1_237' title='bbox 414 2806 607 2859; x_wconf 91' lang='lat' dir='ltr'><strong>tutum</strong></span> <span class='ocrx_word' id='word_1_238' title='bbox 648 2799 708 2857; x_wconf 91' lang='lat' dir='ltr'><strong>in</strong></span> <span class='ocrx_word' id='word_1_239' title='bbox 748 2798 859 2856; x_wconf 86' lang='lat' dir='ltr'><strong>alia</strong></span> <span class='ocrx_word' id='word_1_240' title='bbox 893 2797 1036 2861; x_wconf 84' lang='lat' dir='ltr'><strong>alius</strong></span> <span class='ocrx_word' id='word_1_241' title='bbox 1074 2798 1294 2857; x_wconf 84' lang='lat' dir='ltr'><strong>mavult</strong></span> <span class='ocrx_word' id='word_1_242' title='bbox 1333 2798 1626 2859; x_wconf 84' lang='lat' dir='ltr'><strong>excellere.</strong></span> <span class='ocrx_word' id='word_1_243' title='bbox 1709 2799 1967 2876; x_wconf 75' lang='lat' dir='ltr'><strong>Quorum</strong></span> <span class='ocrx_word' id='word_1_244' title='bbox 1994 2817 2130 2858; x_wconf 82' lang='lat' dir='ltr'><strong>vero</strong></span> <span class='ocrx_word' id='word_1_245' title='bbox 2157 2806 2356 2877; x_wconf 83' lang='lat' dir='ltr'><strong>patres</strong></span> 
     </span>
     <span class='ocr_line' id='line_1_29' title="bbox 415 2886 2356 2967; baseline 0.001 -20"><span class='ocrx_word' id='word_1_246' title='bbox 415 2895 518 2947; x_wconf 88' lang='lat' dir='ltr'><strong>aut</strong></span> <span class='ocrx_word' id='word_1_247' title='bbox 542 2887 786 2966; x_wconf 82' lang='lat' dir='ltr'><strong>majores</strong></span> <span class='ocrx_word' id='word_1_248' title='bbox 812 2886 1002 2964; x_wconf 88' lang='lat' dir='ltr'><strong>aliqua</strong></span> <span class='ocrx_word' id='word_1_249' title='bbox 1039 2886 1220 2966; x_wconf 87' lang='lat' dir='ltr'><strong>gloria</strong></span> <span class='ocrx_word' id='word_1_250' title='bbox 1254 2887 1660 2965; x_wconf 83' lang='lat' dir='ltr'><strong>praestitemnt,</strong></span> <span class='ocrx_word' id='word_1_251' title='bbox 1688 2889 1727 2947; x_wconf 89' lang='lat' dir='ltr'><strong>ii</strong></span> <span class='ocrx_word' id='word_1_252' title='bbox 1751 2888 1987 2948; x_wconf 83' lang='lat' dir='ltr'><strong>student</strong></span> <span class='ocrx_word' id='word_1_253' title='bbox 2012 2889 2356 2967; x_wconf 87' lang='lat' dir='ltr'><strong>plerumque</strong></span> 
     </span>
     <span class='ocr_line' id='line_1_30' title="bbox 416 2975 2357 3056; baseline 0.001 -18"><span class='ocrx_word' id='word_1_254' title='bbox 416 2979 620 3038; x_wconf 91' lang='lat' dir='ltr'><strong>eodem</strong></span> <span class='ocrx_word' id='word_1_255' title='bbox 659 2978 718 3036; x_wconf 84' lang='lat' dir='ltr'><strong>in</strong></span> <span class='ocrx_word' id='word_1_256' title='bbox 762 2994 972 3056; x_wconf 87' lang='lat' dir='ltr'><strong>genere</strong></span> <span class='ocrx_word' id='word_1_257' title='bbox 1010 2975 1196 3037; x_wconf 86' lang='lat' dir='ltr'><strong>laudis</strong></span> <span class='ocrx_word' id='word_1_258' title='bbox 1234 2977 1543 3037; x_wconf 86' lang='lat' dir='ltr'><strong>excellere:</strong></span> <span class='ocrx_word' id='word_1_259' title='bbox 1594 2985 1663 3038; x_wconf 89' lang='lat' dir='ltr'><strong>ut</strong></span> <span class='ocrx_word' id='word_1_260' title='bbox 1702 2981 1770 3051; x_wconf 85' lang='lat' dir='ltr'><strong>Q.</strong></span> <span class='ocrx_word' id='word_1_261' title='bbox 1812 2979 2052 3047; x_wconf 86' lang='lat' dir='ltr'><strong>Mucius,</strong></span> <span class='ocrx_word' id='word_1_262' title='bbox 2086 2979 2155 3039; x_wconf 90' lang='lat' dir='ltr'><strong>P.</strong></span> <span class='ocrx_word' id='word_1_263' title='bbox 2178 2979 2265 3048; x_wconf 93' lang='lat' dir='ltr'><strong>F.,</strong></span> <span class='ocrx_word' id='word_1_264' title='bbox 2291 2980 2357 3039; x_wconf 86' lang='lat' dir='ltr'><strong>iu</strong></span> 
     </span>
    </p>

    <p class='ocr_par' dir='ltr' id='par_1_9' title="bbox 235 3053 2364 3685">
     <span class='ocr_line' id='line_1_31' title="bbox 235 3053 2357 3150; baseline 0 -22"><span class='ocrx_word' id='word_1_265' title='bbox 235 3053 240 3075; x_wconf 89' lang='lat'>&#39;</span> <span class='ocrx_word' id='word_1_266' title='bbox 352 3078 388 3133; x_wconf 80' lang='lat'><strong><em>5</em></strong></span> <span class='ocrx_word' id='word_1_267' title='bbox 410 3070 545 3150; x_wconf 74' lang='lat' dir='ltr'><strong>Jme</strong></span> <span class='ocrx_word' id='word_1_268' title='bbox 580 3067 762 3136; x_wconf 60' lang='lat' dir='ltr'><strong>civim</strong></span> <span class='ocrx_word' id='word_1_269' title='bbox 815 3064 1002 3126; x_wconf 77' lang='lat' dir='ltr'><strong>Paulli</strong></span> <span class='ocrx_word' id='word_1_270' title='bbox 1047 3065 1194 3125; x_wconf 76' lang='lat' dir='ltr'><strong>finus</strong></span> <span class='ocrx_word' id='word_1_271' title='bbox 1232 3066 1541 3129; x_wconf 66' lang='lat' dir='ltr'><strong>Amoenus</strong></span> <span class='ocrx_word' id='word_1_272' title='bbox 1579 3071 1638 3129; x_wconf 75' lang='lat' dir='ltr'><strong>in</strong></span> <span class='ocrx_word' id='word_1_273' title='bbox 1677 3089 1739 3128; x_wconf 81' lang='lat' dir='ltr'><strong>re</strong></span> <span class='ocrx_word' id='word_1_274' title='bbox 1779 3068 2022 3129; x_wconf 72' lang='lat' dir='ltr'><strong>militari.</strong></span> <span class='ocrx_word' id='word_1_275' title='bbox 2104 3069 2357 3138; x_wconf 63' lang='lat' dir='ltr'><strong>effidem</strong></span> 
     </span>
     <span class='ocr_line' id='line_1_32' title="bbox 415 3156 2354 3239; baseline -0.002 -20"><span class='ocrx_word' id='word_1_276' title='bbox 415 3167 610 3219; x_wconf 82' lang='lat' dir='ltr'><strong>autem</strong></span> <span class='ocrx_word' id='word_1_277' title='bbox 630 3157 706 3218; x_wconf 86' lang='lat' dir='ltr'><strong>ad</strong></span> <span class='ocrx_word' id='word_1_278' title='bbox 732 3176 831 3219; x_wconf 86' lang='lat' dir='ltr'><strong>eas</strong></span> <span class='ocrx_word' id='word_1_279' title='bbox 857 3156 1075 3226; x_wconf 87' lang='lat' dir='ltr'><strong>laudes,</strong></span> <span class='ocrx_word' id='word_1_280' title='bbox 1095 3175 1241 3235; x_wconf 84' lang='lat' dir='ltr'><strong>quas</strong></span> <span class='ocrx_word' id='word_1_281' title='bbox 1266 3174 1305 3215; x_wconf 86' lang='lat' dir='ltr'><strong>a</strong></span> <span class='ocrx_word' id='word_1_282' title='bbox 1331 3160 1588 3235; x_wconf 86' lang='lat' dir='ltr'><strong>patribus</strong></span> <span class='ocrx_word' id='word_1_283' title='bbox 1615 3165 1982 3239; x_wconf 86' lang='lat' dir='ltr'><strong>aeceperunt,</strong></span> <span class='ocrx_word' id='word_1_284' title='bbox 1998 3157 2223 3217; x_wconf 88' lang='lat' dir='ltr'><strong>addunt</strong></span> <span class='ocrx_word' id='word_1_285' title='bbox 2250 3159 2354 3217; x_wconf 84' lang='lat' dir='ltr'><strong>ali-</strong></span> 
     </span>
     <span class='ocr_line' id='line_1_33' title="bbox 415 3245 2355 3328; baseline -0.001 -20"><span class='ocrx_word' id='word_1_286' title='bbox 415 3267 591 3328; x_wconf 86' lang='lat' dir='ltr'><strong>quam</strong></span> <span class='ocrx_word' id='word_1_287' title='bbox 611 3266 807 3308; x_wconf 87' lang='lat' dir='ltr'><strong>suam:</strong></span> <span class='ocrx_word' id='word_1_288' title='bbox 849 3254 918 3307; x_wconf 89' lang='lat' dir='ltr'><strong>ut</strong></span> <span class='ocrx_word' id='word_1_289' title='bbox 942 3247 1035 3306; x_wconf 89' lang='lat' dir='ltr'><strong>hic</strong></span> <span class='ocrx_word' id='word_1_290' title='bbox 1060 3245 1215 3309; x_wconf 89' lang='lat' dir='ltr'><strong>idem</strong></span> <span class='ocrx_word' id='word_1_291' title='bbox 1233 3246 1542 3308; x_wconf 86' lang='lat' dir='ltr'><strong>Africanus</strong></span> <span class='ocrx_word' id='word_1_292' title='bbox 1561 3248 1883 3327; x_wconf 88' lang='lat' dir='ltr'><strong>eloquentia</strong></span> <span class='ocrx_word' id='word_1_293' title='bbox 1901 3247 2355 3307; x_wconf 85' lang='lat' dir='ltr'><strong>cumulavit-bel-</strong></span> 
     </span>
     <span class='ocr_line' id='line_1_34' title="bbox 415 3337 2356 3418; baseline -0.002 -18"><span class='ocrx_word' id='word_1_294' title='bbox 415 3339 582 3401; x_wconf 84' lang='lat' dir='ltr'><strong>licam</strong></span> <span class='ocrx_word' id='word_1_295' title='bbox 620 3338 876 3418; x_wconf 83' lang='lat' dir='ltr'><strong>gloriam,</strong></span> <span class='ocrx_word' id='word_1_296' title='bbox 918 3337 1076 3416; x_wconf 89' lang='lat' dir='ltr'><strong>quod</strong></span> <span class='ocrx_word' id='word_1_297' title='bbox 1119 3337 1272 3396; x_wconf 89' lang='lat' dir='ltr'><strong>idem</strong></span> <span class='ocrx_word' id='word_1_298' title='bbox 1314 3337 1451 3397; x_wconf 84' lang='lat' dir='ltr'><strong>feeit</strong></span> <span class='ocrx_word' id='word_1_299' title='bbox 1491 3338 1842 3406; x_wconf 83' lang='lat' dir='ltr'><strong>Timotheus,</strong></span> <span class='ocrx_word' id='word_1_300' title='bbox 1891 3337 2141 3396; x_wconf 79' lang='lat' dir='ltr'><strong>Cononis</strong></span> <span class='ocrx_word' id='word_1_301' title='bbox 2183 3337 2356 3408; x_wconf 88' lang='lat' dir='ltr'><strong>filius,</strong></span> 
     </span>
     <span class='ocr_line' id='line_1_35' title="bbox 416 3426 2360 3506; baseline -0.001 -19"><span class='ocrx_word' id='word_1_302' title='bbox 416 3428 533 3506; x_wconf 86' lang='lat' dir='ltr'><strong>qui,</strong></span> <span class='ocrx_word' id='word_1_303' title='bbox 570 3448 706 3487; x_wconf 89' lang='lat' dir='ltr'><strong>eum</strong></span> <span class='ocrx_word' id='word_1_304' title='bbox 745 3427 880 3488; x_wconf 91' lang='lat' dir='ltr'><strong>belli</strong></span> <span class='ocrx_word' id='word_1_305' title='bbox 924 3427 1096 3486; x_wconf 82' lang='lat' dir='ltr'><strong>laude</strong></span> <span class='ocrx_word' id='word_1_306' title='bbox 1141 3446 1257 3485; x_wconf 87' lang='lat' dir='ltr'><strong>non</strong></span> <span class='ocrx_word' id='word_1_307' title='bbox 1300 3426 1530 3487; x_wconf 88' lang='lat' dir='ltr'><strong>inferior</strong></span> <span class='ocrx_word' id='word_1_308' title='bbox 1575 3429 1796 3498; x_wconf 84' lang='lat' dir='ltr'><strong>fuisset,</strong></span> <span class='ocrx_word' id='word_1_309' title='bbox 1836 3445 2012 3506; x_wconf 87' lang='lat' dir='ltr'><strong>quam</strong></span> <span class='ocrx_word' id='word_1_310' title='bbox 2051 3432 2236 3504; x_wconf 83' lang='lat' dir='ltr'><strong>pater,</strong></span> <span class='ocrx_word' id='word_1_311' title='bbox 2275 3427 2360 3486; x_wconf 87' lang='lat' dir='ltr'><strong>ad</strong></span> 
     </span>
     <span class='ocr_line' id='line_1_36' title="bbox 352 3512 2364 3597; baseline 0 -20"><span class='ocrx_word' id='word_1_312' title='bbox 352 3523 390 3577; x_wconf 79' lang='lat'><strong>6</strong></span> <span class='ocrx_word' id='word_1_313' title='bbox 417 3536 546 3576; x_wconf 87' lang='lat' dir='ltr'><strong>eam</strong></span> <span class='ocrx_word' id='word_1_314' title='bbox 570 3517 803 3576; x_wconf 88' lang='lat' dir='ltr'><strong>laudem</strong></span> <span class='ocrx_word' id='word_1_315' title='bbox 830 3516 1104 3576; x_wconf 78' lang='lat' dir='ltr'><strong>doctrinae</strong></span> <span class='ocrx_word' id='word_1_316' title='bbox 1128 3512 1193 3576; x_wconf 76' lang='lat' dir='ltr'><strong>et‘</strong></span> <span class='ocrx_word' id='word_1_317' title='bbox 1214 3516 1428 3597; x_wconf 84' lang='lat' dir='ltr'><strong>ingemi</strong></span> <span class='ocrx_word' id='word_1_318' title='bbox 1457 3517 1701 3597; x_wconf 87' lang='lat' dir='ltr'><strong>gloriam</strong></span> <span class='ocrx_word' id='word_1_319' title='bbox 1727 3517 1956 3596; x_wconf 86' lang='lat' dir='ltr'><strong>adjecit.</strong></span> <span class='ocrx_word' id='word_1_320' title='bbox 2038 3515 2134 3575; x_wconf 92' lang='lat' dir='ltr'><strong>Fit</strong></span> <span class='ocrx_word' id='word_1_321' title='bbox 2158 3523 2364 3577; x_wconf 86' lang='lat' dir='ltr'><strong>autem</strong></span> 
     </span>
     <span class='ocr_line' id='line_1_37' title="bbox 417 3605 2363 3685; baseline 0.001 -18"><span class='ocrx_word' id='word_1_322' title='bbox 417 3606 707 3667; x_wconf 85' lang='lat' dir='ltr'><strong>interdum</strong></span> <span class='ocrx_word' id='word_1_323' title='bbox 758 3612 828 3666; x_wconf 89' lang='lat' dir='ltr'><strong>ut</strong></span> <span class='ocrx_word' id='word_1_324' title='bbox 878 3605 1149 3675; x_wconf 82' lang='lat' dir='ltr'><strong>nonnulli,</strong></span> <span class='ocrx_word' id='word_1_325' title='bbox 1202 3607 1417 3685; x_wconf 79' lang='lat' dir='ltr'><strong>omissa</strong></span> <span class='ocrx_word' id='word_1_326' title='bbox 1466 3607 1778 3671; x_wconf 87' lang='lat' dir='ltr'><strong>imitatione</strong></span> <span class='ocrx_word' id='word_1_327' title='bbox 1831 3605 2136 3685; x_wconf 82' lang='lat' dir='ltr'><strong>majorum,</strong></span> <span class='ocrx_word' id='word_1_328' title='bbox 2184 3625 2363 3669; x_wconf 83' lang='lat' dir='ltr'><strong>suum</strong></span> 
     </span>
    </p>
   </div>
   <div class='ocr_carea' id='block_1_4' title="bbox 2581 2574 2584 3083">
    <p class='ocr_par' dir='ltr' id='par_1_10' title="bbox 2581 2574 2584 3083">
     <span class='ocr_line' id='line_1_38' title="bbox 2581 2574 2584 3083; baseline 0 0"><span class='ocrx_word' id='word_1_329' title='bbox 2581 2574 2584 3083; x_wconf 95' lang='lat' dir='ltr'><strong> </strong></span> 
     </span>
    </p>
   </div>
  </div>
 </body>
</html>
