2592 4142
959 249 1199 290 ιιιιιιιιι.
1281 246 1416 289 cn.
1445 246 1533 289 111.
2225 233 2265 289 9

214 396 336 449 non,
374 376 678 441 honestate
704 377 976 447 metitum
1016 377 1110 438 hic
1134 379 1186 437 si
1211 377 1319 437 sibi
1355 379 1481 457 ipse
1508 375 1823 439 consentiat
1847 382 1907 436 et
1932 395 2047 436 non
2072 377 2155 437 in-

215 440 453 527 terdum
496 478 722 527 naturae
772 468 1024 527 bonitate
1062 469 1338 536 vincatur,
1383 488 1570 549 neque
1616 468 1920 529 amicitiam
1973 468 2159 527 colere

217 557 420 636 possit,
448 577 553 616 nec
575 543 877 635 justitiam,
905 577 1011 617 nec
1037 544 1449 618 liberalitatem.
1526 558 1713 617 Fortis
1740 577 1876 617 vero
1901 559 2159 618 dolorem

217 666 509 705 summum
534 648 751 706 malum
792 648 1076 726 judicans,
1101 655 1208 706 aut
1252 655 1579 727 temperans
1605 649 1963 727 voluptatem
2002 668 2156 707 sum-

216 756 383 800 mum
421 738 636 795 bonum
664 743 922 797 statuens
960 756 1087 796 esse
1113 744 1270 801 certe
1305 737 1465 796 nullo
1501 738 1680 797 modo
1718 745 1926 818 potest.
2008 740 2155 809 Quae
2186 738 2224 799 ’1

218 845 567 905 quamquam
590 827 674 885 ita
699 827 851 886 sint
835 847 894 886 m
921 834 1214 905 promptu,
1229 834 1300 885 ut
1324 846 1417 886 res
1433 827 1819 906 disputatione
1834 848 1949 887 non
1968 835 2153 909 egeat,

217 925 418 979 tamen
430 923 565 975 sunt
590 936 627 974 a
650 917 814 976 nobis
832 917 944 975 alio
969 917 1097 976 loco
1123 917 1434 996 disputata.
1503 918 1616 976 Hae
1644 918 1953 997 disciplinae
1981 920 2158 998 igitur
2186 926 2224 981 8

218 1007 269 1064 si
297 1005 404 1065 sibi
432 1013 827 1066 consentaneae
856 1007 1032 1066 velint
1058 1026 1201 1075 esse,
1224 1007 1306 1067 de
1332 1006 1516 1065 officio
1545 1008 1688 1066 nihil
1711 1016 1925 1085 queant
1952 1009 2156 1069 dicere.
2183 1048 2188 1051 -

210 1096 430 1174 -Neque
467 1096 587 1154 ulla
626 1096 791 1155 officii
826 1103 1122 1183 praecepta
1158 1096 1339 1165 firina,
1370 1092 1612 1165 sta'bilia,
1642 1098 1947 1176 conjuncta
1989 1105 2156 1157 natu-

214 1206 303 1245 rae
361 1184 512 1244 tradi
550 1193 809 1265 possunt,
849 1186 958 1245 nisi
1013 1193 1116 1245 aut
1170 1187 1247 1245 ab
1286 1186 1373 1256 iis,
1415 1187 1514 1264 qui
1567 1186 1767 1255 solam,
1809 1194 1912 1247 aut
1950 1189 2026 1248 ab
2071 1189 2158 1258 iis,
2342 1215 2364 1271 ς

217 1275 322 1355 qui
358 1275 605 1339 maxime
630 1277 989 1359 honestatem
1017 1285 1253 1355 propter
1279 1295 1343 1334 se
1370 1275 1563 1336 dicant
1588 1274 2008 1356 expetendam.⁸
2065 1279 2165 1351 Ita,
2186 1285 2224 1339 9

216 1365 454 1445 propria
493 1373 581 1424 est
620 1385 690 1425 ea
729 1366 1039 1446 praeceptio
1079 1366 1418 1436 Stoicorum,
1457 1366 1955 1436 Academicorum,
1998 1366 2157 1428 Pefi-

217 1456 634 1535 puteticorum:
676 1457 945 1534 quoniam
977 1456 1285 1525 Aristonis»,-
1307 1457 1639 1535 Pyrrhonis,
1660 1457 1860 1516 Herilli
1893 1459 2017 1537 jam
2044 1458 2160 1537 pri-

217 1547 360 1605 dem
397 1545 632 1625 explosa
650 1572 655 1576 ·
670 1545 948 1605 sententia
987 1553 1104 1605 est:
1166 1546 1265 1624 qui
1302 1553 1496 1606 tamen
1533 1547 1812 1607 haberent
1853 1548 1951 1627 jus
1991 1567 2160 1607 suum

218 1636 557 1715 disputandi
593 1635 667 1696 de
714 1636 915 1706 officiO,
957 1636 1005 1694 si
1043 1655 1235 1696 rerum
1281 1636 1529 1714 aliquem
1579 1637 1868 1697 delectum
1906 1637 2160 1716 reliquis-

219 1733 368 1795 sent,
424 1732 493 1787 ut
545 1728 627 1785 ad
677 1727 845 1786 officii
897 1726 1275 1786 inventionem
1330 1727 1523 1785 aditus
1579 1733 1745 1787 esset.
1855 1727 2161 1806 Sequimm·
2188 1734 2266 1789 lo

217 1816 415 1897 igitur,
455 1817 567 1876 hoc
606 1815 839 1895 quidem
884 1823 1145 1895 tempore
1203 1824 1265 1875 et
1311 1816 1422 1875 hac
1468 1817 1528 1874 in
1566 1816 1895 1894 quaestione,
1937 1817 2159 1899 potissi-

217 1925 385 1966 mum
410 1906 648 1975 Stoicos,
672 1926 791 1966 non
815 1914 884 1965 ιιι
907 1907 1277 1984 interpretem
1314 1906 1436 1975 sed,
1465 1912 1534 1964 ut
1555 1906 1825 1975 solemus,
1847 1924 1882 1965 e
1905 1906 2161 1966 fontibus

219 2014 424 2056 eorum
472 1996 689 2075 judicio
727 1997 1070 2075 arbitrioque
1117 2002 1333 2065 nostro,
1376 2000 1652 2073 quantum
1705 2014 1934 2073 quoque
1985 1996 2166 2055 modo

217 2087 526 2156 videbitur,
555 2086 897 2146 hauriemus.

300 2177 507 2236 Placet
530 2177 717 2256 igitur,
747 2177 1017 2255 quoniam
1057 2175 1237 2235 omnis
1277 2130 1592 2254 disputatio
1631 2174 1705 2235 de
1746 2174 1931 2235 officio
1956 2174 2153 2234 futura
2181 2181 2255 2235 11

219 2273 331 2336 est,
361 2273 495 2326 ante
534 2266 921 2336 definire,
962 2265 1101 2344 quid
1141 2265 1214 2324 sit
1252 2266 1650 2325 officium·
1693 2265 1913 2344 quoda
1949 2266 2160 2325 Panae·
2345 2288 2404 2312 s

218 2356 306 2417 tio
347 2356 794 2436 praetermissum
832 2375 959 2416 esse
996 2354 1186 2414 miror.
1271 2355 1470 2417 Omnis
1510 2356 1677 2425 enim,
1704 2375 1837 2434 quae
1872 2375 1912 2413 a
1935 2355 2153 2415 ratione
2183 2361 2258 2415 12

221 2446 529 2524 suscipitur
567 2447 642 2505 de
680 2446 871 2525 aliqua
905 2465 969 2504 re
1008 2445 1306 2513 institutio,
1334 2444 1511 2505 debet
1547 2464 1586 2505 a
1626 2446 1949 2504 definitione
1981 2445 2159 2525 profi-

221 2536 376 2605 cisci,
405 2542 475 2595 ut
500 2536 868 2629 intelligatur,
897 2534 1039 2615 quid
1063 2535 1138 2594 sit
1163 2533 1243 2603 id,
1272 2534 1348 2595 de
1373 2554 1489 2613 quo
1517 2535 1859 2614 disputetur.

301 2715 419 2774 111.
465 2714 661 2774 Omnis
689 2715 764 2774 de
790 2715 974 2775 officio
1014 2713 1231 2793 duplex
1270 2721 1363 2773 est
1399 2713 1662 2793 quaestio.
1743 2713 1940 2773 Unum
1979 2733 2163 2795 genus

221 2810 330 2874 est,
360 2805 518 2882 quod
559 2805 805 2883 pertinet
839 2806 916 2864 ad
955 2806 1126 2864 finem
1165 2806 1480 2864 bonorum:
1523 2804 1783 2873 alterum,
1814 2802 1967 2882 quod
2009 2806 2160 2885 posi·
2330 2790 2392 2844 Τ

221 2900 351 2954 tum
378 2901 468 2953 est
494 2894 553 2953 in
579 2896 899 2974 praeceptiS,
929 2895 1176 2973 quibus
1161 2915 1220 2954 ιιι
1247 2913 1445 2954 omnes
1472 2892 1664 2974 partes
1690 2913 1830 2955 usus
1866 2895 2000 2955 vitae
2027 2915 2158 2956 con-

219 2984 456 3043 formari
475 2985 672 3063 possit.
738 2985 1057 3064 Superioris
1076 2986 1300 3065 generis
1325 2986 1500 3065 hujus
1520 2984 1677 3044 modi
1703 2985 1966 3065 exempla
1992 2993 2158 3055 sunt;
2189 2991 2224 3045 2

220 3074 485 3134 omniane
525 3074 707 3134 officia
745 3076 1000 3154 perfecta
1040 3076 1185 3144 sint;
1239 3075 1520 3161 numquid
1559 3064 1812 3135 officium
1853 3075 2009 3134 aliud
2049 3076 2160 3134 alio

220 3165 411 3245 majus
450 3163 543 3232 sit,
583 3170 645 3223 et
682 3183 814 3242 quae
853 3172 988 3223 sunt
1040 3165 1263 3245 generis
1303 3165 1581 3244 ejusdem.
1666 3166 1925 3235 Quorum
1964 3171 2158 3224 autem
2188 3171 2224 3224 3

221 3253 536 3312 officiorum
575 3261 873 3332 praecepta
910 3255 1233 3324 traduntur,
1261 3274 1332 3314 ea
1371 3273 1720 3332 quamquam
1759 3254 2043 3356 pertinent
2082 3253 2161 3312 ad

220 3343 394 3402 finem
433 3344 731 3411 bonorum,
759 3351 955 3403 tamen
979 3346 1165 3407 minus
1202 3344 1271 3403 id
1291 3350 1549 3422 apparet,
1578 3343 1712 3421 quia
1749 3342 1936 3421 magis
1961 3342 2092 3400 ad
2076 3362 2159 3401 m·

221 3431 574 3491 stitutionem
600 3433 735 3492 vitae
765 3434 1082 3497 communis
1121 3441 1381 3513 spectare
1407 3432 1702 3492 videntur.
1745 3433 1820 3492 de
1839 3432 2046 3512 quibus
2071 3441 2162 3493 est

222 3522 386 3583 nobis
411 3522 503 3580 his
527 3521 685 3581 libris
712 3523 1131 3603 explicandum

298 3611 503 3691 Atque
558 3612 732 3674 etiam
785 3614 897 3674 alia
949 3614 1147 3675 divisio
1202 3620 1292 3673 est
1348 3612 1529 3675 officii.
1611 3612 1766 3674 Nam
1806 3619 1869 3674 et
1898 3613 2158 3675 medium
2184 3618 2225 3674 4
