2592 4142
860 295 1033 336 unna
1056 296 1145 337 111.
1226 257 1360 342 oab.
1388 297 1593 339 xxxm.
1648 324 1653 334 .
2129 284 2238 342 121

188 444 313 503 que
342 437 381 486 ‘a
401 424 727 487 censoribus
748 425 1010 484 omnibus
1035 425 1350 506 ignominiis
1376 434 1620 487 notatos.
1640 425 1645 430 ⁴
1703 426 1793 487 Sit
1814 426 1937 508 jam
1962 426 2138 508 hujus
2167 433 2243 490 10

188 517 310 577 loci
335 517 481 598 finis,
545 516 923 594 Perspicuum
962 524 1051 574 est
1077 516 1243 585 enim,
1272 535 1359 588 ea,
1388 536 1518 598 quae
1562 517 1760 578 timido
1798 517 2005 588 animo,
2032 518 2139 577 hu-

188 607 336 677 mili,
368 606 644 675 demissa*
662 608 959 685 fractoque
984 607 1124 664 fiant
1149 606 1350 685 (quale
1375 607 1575 666 fuisset
1601 601 1810 688 Reguli
1835 608 2069 678 factum,
2090 607 2141 668 si
2228 637 2235 648 ¹

165 690 302 756 >aut
329 698 408 756 de
436 697 692 776 captiviS,
721 696 877 774 quod
916 696 1026 775 ipsi
1053 715 1199 775 opus
1238 716 1364 756 esse
1391 697 1695 766 videretur,
1724 695 1839 757 non
1877 698 2034 776 quod
2058 696 2142 759 rei

190 787 473 867 publicae,
506 787 833 855 censuisset,
862 792 965 846 aut
1004 786 1160 844 domi
1201 801 1496 866 remanere
1520 783 1817 868 voluisset)
1844 789 1959 847 non
2006 806 2139 848 esse

190 878 383 948 utilia,
412 878 546 957 quia
572 877 685 936 sint
709 876 1007 956 flagitiosa,
1035 876 1213 945 foeda,
1241 877 1451 956 turpia.
1644 893 1651 897 ·

274 1058 560 1118 XXXIII.
581 1058 788 1116 Restat
805 1062 1010 1138 quarta
1030 1059 1182 1135 pars,
1202 1073 1336 1136 quae
1355 1051 1578 1127 decore,
1595 1045 1999 1128 moderatione,
2016 1078 2139 1124 mo·

190 1147 405 1217 destia,
424 1147 785 1215 continentia,
803 1146 1182 1226 temperantia
1199 1147 1533 1207 continetur.
1578 1147 1781 1207 Potest
1796 1147 1970 1227 igitur
1985 1149 2139 1228 quic·
2166 1155 2204 1210 2

189 1256 377 1317 quam
404 1256 529 1298 aese
555 1236 713 1306 utile,
739 1236 898 1315 quod
924 1236 1000 1294 sit
1018 1236 1157 1311 ¹huic
1183 1236 1386 1295 talium
1412 1237 1688 1296 virtutum
1716 1239 1891 1300 choro
1918 1245 2140 1298 contra·
2262 1241 2271 1246 '

188 1328 348 1387 rium
364 1328 395 1387 ‘2
460 1326 646 1406 Atqui
671 1327 748 1387 ab
772 1323 1074 1405 Aristippo
1103 1326 1416 1404 Cyrenaici,
1439 1334 1612 1406 atque
1638 1328 1929 1388 Annicerii
1956 1328 2137 1407 philo·
2166 1336 2204 1389 8

190 1417 373 1496 sophi
411 1417 701 1486 nominati,
731 1435 898 1475 omne
924 1416 1140 1475 bonum
1176 1417 1235 1475 in
1260 1409 1558 1496 voluptate
1600 1427 1939 1497 posuerunt,—
1961 1419 2138 1479 virtu-
2272 1415 2275 1418 ’

189 1514 434 1586 temque
478 1513 820 1567 censuerunt
861 1505 938 1565 ob
976 1525 1105 1565 eam
1142 1523 1265 1565 rem
1291 1526 1417 1566 esse
1442 1507 1810 1579 laudandam,
1836 1510 1993 1589 quod
2019 1510 2139 1590 effi-

190 1597 355 1660 ciens
384 1604 535 1656 esset
560 1595 888 1675 voluptatis,
918 1596 1124 1674 quibus
1152 1596 1423 1662 obsoletis
1460 1598 1629 1676 floret
1652 1600 1955 1678 Epicurus,
1984 1602 2137 1681 ejus·

189 1687 335 1747 dem
359 1687 483 1746 fere
509 1687 742 1766 adjutor
774 1693 1087 1764 auctorque
1115 1688 1441 1747 sententiae..
1498 1689 1649 1747 Cum
1674 1689 1765 1747 his
1791 1689 1924 1749 viris
1951 1690 2134 1769 equis·
2164 1693 2203 1754 4

188 1796 330 1856 que,
355 1784 428 1836 ut
455 1776 678 1846 dicitur,
708 1776 1143 1838 si·honestatem
1176 1777 1327 1835 tueri
1352 1795 1420 1835 ac
1446 1776 1688 1835 retinere
1727 1779 2007 1842 sententia
2028 1784 2143 1848 est,

189 1866 610 1927 decertandum
638 1872 754 1930 est„
824 1865 978 1926 Nam
1005 1866 1053 1924 si
1078 1885 1193 1924 non
1217 1865 1395 1924 modo
1420 1866 1649 1934 utilitas,
1672 1866 1783 1924 sed
1808 1866 1927 1924 vita
1952 1867 2146 1927 omnis'
2163 1876 2201 1929 5
2250 1873 2279 1900 ⁸

188 1956 387 2025 beata,
417 1956 665 2036 corporis
703 1956 866 2028 firma
898 1955 1299 2014 constitutione
1325 1955 1564 2034 ejusque
1592 1956 2003 2015 constitutionis
2032 1976 2139 2036 spe

115 2055 120 2060 '
190 2041 514 2124 explorata,
554 2052 625 2105 ut
662 2065 697 2104 a
737 2044 1066 2104 Metrodoro
1104 2046 1383 2124 scriptum
1421 2052 1528 2115 est,
1573 2035 1926 2124 continetur}
1981 2054 2136 2106 certe

188 2137 326 2196 haec
354 2136 585 2206 utilitas,
615 2143 675 2195 et
701 2135 932 2214 quidem
960 2155 1200 2205 summa,
1218 2133 1337 2215 (sie
1374 2136 1523 2195 enim
1558 2131 1841 2216 ‘censent,)
1872 2156 2005 2195 cum
2030 2138 2133 2196 ho-

189 2233 424 2285 nestate
445 2226 744 2308 pugnabit.
793 2225 947 2284 Nam
965 2225 1065 2284 ubi
1085 2226 1333 2304 primum
1354 2226 1673 2305 prudentiae
1686 2226 1845 2286 locus
1863 2226 2132 2288 dabitur?
2160 2233 2198 2287 6

190 2316 314 2385 An,
345 2322 413 2374 ut
439 2313 730 2394 conquirat
755 2311 1008 2393 undique
1047 2317 1358 2375 suavitates
1375 2317 1403 2375 ‘2
1485 2317 1673 2386 Quam
1712 2317 1881 2382 miser
1907 2318 2132 2380 virtutis
2159 2317 2197 2379 ’1

191 2405 529 2474 famulatus,
553 2405 845 2464 servientis
865 2405 1176 2483 voluptati!
1238 2406 1409 2476 Quod
1430 2414 1622 2465 autem
1647 2426 1855 2466 munus
1883 2408 2131 2485 pruden-

189 2495 291 2554 tim
305 2495 337 2554 ⁴?
396 2493 497 2554 An
523 2493 712 2575 legere
737 2494 1118 2575 intelligenter
1135 2496 1461 2573 voluptates
1477 2497 1509 2563 *ἶ
1567 2496 1685 2555 Fac
1712 2497 1851 2555 nihil
1876 2497 1985 2555 isto
2006 2516 2132 2558 esso

180 2582 539 2665 jucundius:
581 2584 720 2663 quid
748 2584 983 2664 cogitari
1009 2590 1202 2663 potest
1227 2585 1453 2664 turpius
1468 2585 1498 2643 ‘2
1576 2585 1616 2645 J
1616 2604 1728 2654 am,
1751 2585 1849 2663 qui
1876 2584 2131 2654 dolorem
2156 2592 2196 2647 8

187 2693 488 2734 nummum
524 2675 743 2734 malum
769 2674 938 2744 dicat,
969 2674 1127 2754 apud
1154 2693 1286 2733 eum
1314 2693 1487 2751 quem
1524 2674 1703 2733 habet
1739 2673 1933 2734 locuni
1972 2674 2129 2738 forti·

188 2764 357 2833 tudo,
386 2783 517 2843 quae
553 2770 641 2823 est
663 2763 929 2824 dolorum
968 2763 1342 2841 laborumque
1368 2764 1776 2842 contemptio?
1857 2765 2129 2835 Quamvis
2155 2772 2193 2840 9

187 2853 348 2913 enim
372 2853 567 2912 multis
583 2852 732 2912 'Iocis
758 2852 913 2912 dicat
937 2854 1235 2933 EpicuruS,
1264 2854 1431 2913 sicuti
1456 2854 1610 2923 dicit,
1639 2855 1779 2915 satis
1802 2855 2026 2917 fortiter
2053 2857 2126 2917 de

187 2942 428 3002 doloret
468 2948 663 3001 tamen
696 2947 811 3001 non
847 2942 907 3002 id
947 2944 1323 3022 spectandum
1361 2951 1466 3015 est,
1494 2944 1633 3023 quid
1656 2945 1829 3014 dicat,
1858 2947 1960 3007 sed
1988 2947 2157 3026 quid.

187 3037 638 3110 consentaneum
665 3032 740 3092 sit
766 3031 818 3092 ei
845 3033 1047 3114 dicere,
1077 3033 1184 3112 qui·
1213 3035 1365 3094 bona
1390 3036 1686 3114 voluptate
1722 3036 2124 3107 terminaverit,
2152 3039 2163 3044 ’

186 3122 348 3180 mala
375 3122 608 3180 dolore:
650 3129 734 3191 ut,
764 3123 813 3181 si
852 3123 1012 3182 illum
1052 3123 1281 3182 audiam
1318 3124 1391 3183 de
1429 3125 1768 3196 continentia
1807 3132 1866 3184 et
1905 3131 2124 3203 tempe-

186 3211 393 3290 rantia,
422 3211 561 3270 dicit
586 3212 691 3286 ille,
707 3212 939 3290 quidem
967 3213 1152 3272 multa
1176 3215 1374 3273 multis
1401 3214 1538 3272 locis
1562 3233 1576 3281 ;
1619 3213 1723 3271 sed
1750 3207 1900 3291 aqua
1920 3213 2121 3284 haeret,

187 3306 258 3359 ut
279 3300 455 3378 aiunt.
525 3300 677 3359 Nam
698 3303 796 3378 qui
823 3308 1015 3380 potest
1034 3303 1467 3381 temperantiam
1487 3302 1720 3361 laudare
1739 3301 1805 3372 i's,
1828 3303 1927 3381 qui
1947 3311 2123 3383 ponat
2153 3311 2229 3370 10

187 3389 480 3448 summum
500 3391 715 3449 bonum
739 3391 797 3450 in
815 3393 1113 3469 voluptate
1129 3393 1159 3451 ἱ)
1232 3392 1340 3451 Est
1365 3393 1525 3466 enim,
1540 3393 1916 3471 temperantia
1941 3394 2122 3453 libidi-

185 3498 330 3539 num
348 3479 586 3548 inimica,
608 3479 866 3540 libidines
887 3488 1080 3541 autem
1099 3482 1532 3541 consectatrices
1552 3482 1878 3562 voluptatis.
1919 3484 2120 3562 Atque
2150 3489 2223 3545 11

182 3567 246 3629 in
284 3568 376 3627 his
414 3575 608 3628 tamen
645 3570 828 3648 tribus
868 3565 1198 3650 generibus,
1226 3591 1458 3650 quoquo
1495 3571 1672 3631 modo
1711 3580 1967 3652 possunt,
2008 3593 2123 3633 non

185 3657 462 3720 incallide
476 3659 935 3739 tergiversantur.
1016 3660 1390 3721 Prudentiam
1414 3661 1800 3733 introducunt,
1829 3663 2120 3726 scientiam
2149 3669 2224 3725 12

855 3773 856 3776 ’
1170 3756 1243 3811 u
