2592 4142
803 310 809 314 ·
868 287 1041 357 mna
1064 315 1151 360 111.
1234 315 1371 358 οΔΡ.
1397 317 1539 359 xv11.
2126 293 2239 360 10⁸

201 464 241 506 n
256 462 354 504 οιι
370 462 440 505 Α.
501 433 582 505 M.
603 444 755 506 Cato
774 445 1111 512 sententiam
1121 444 1282 515 dixit,
1304 446 1480 525 hujus
1505 445 1682 504 nostri
1699 444 1932 506 Catonis
1951 451 2131 525 pater.
2161 452 2198 505 6

202 536 289 595 Ut
313 535 465 594 enim
505 536 678 595 ceteri
720 554 810 594 ex-
833 536 1107 613 patribus,
1137 536 1216 595 sie
1242 536 1352 605 hic,
1381 536 1480 614 qui
1516 536 1677 594 illud*
1695 536 1888 595 lumen
1926 545 2133 615 proge-

201 625 345 695 nuit,
375 645 448 684 ex
473 626 589 684 fflio
615 632 705 683 est
729 626 1120 697 nominandus.
1193 626 1263 684 Is
1303 626 1476 705 igitur
1496 626 1677 704 judex
1702 626 1782 686 ita
1809 627 2131 704 pronuntia·
2161 625 2196 686 ‘7

201 717 302 783 vit,
333 735 468 774 cum
492 716 552 773 in
577 715 878 773 vendendo
904 734 1026 773 rem
1063 727 1195 773 eam·
1223 714 1532 785 scissem-et
1556 735 1671 776 non
1697 717 2131 794 pronuntiasset,
2278 715 2283 718 ⁷

202 806 455 883 emptori
482 805 758 863 damnum
796 803 1055 883 proestari
1080 811 1359 882 oportere.
1439 806 1595 882 Ergo
1621 806 1709 863 ad‘
1722 806 1894 864 fidem
1921 806 2132 868 bonam

202 895 408 958 statffit
452 896 752 973 pertinere,
794 893 998 956 notum'
1041 913 1167 953 esse
1209 894 1455 972 emptori
1492 894 1708 963 vitium,
1737 896 1894 973 quod
1938 903 2132 956 nosset

200 984 482 1043 venditor.
551 984 735 1054 Quod
778 984 840 1043 si·
861 990 1024 1043 recte*
1054 983 1350 1062 judicavit,
1388 1004 1505 1043 non
1542 991 1696 1042 recte
1733 985 2130 1046 frumentarius
2158 994 2195 1046 8

199 1075 316 1143 ille,
369 1093 518 1136 non
538 1080 694 1133 recte
748 1074 955 1133 aedium
1008 1074 1391 1152 pestilentium
1440 1074 1702 1134 venditor
1737 1076 1932 1151 tacuit.
2013 1075 2133 1136 Sed

201 1163 536 1248 hujusmodi
586 1164 932 1225 reticentiae
917 1164 1073 1243 j-ure
1128 1164 1274 1222 civili
1329 1183 1524 1223 omnes
1567 1146 1998 1243 comprehendi·
2014 1184 2132 1224 non

201 1261 480 1332 possunt.
522 1272 649 1330 quae
689 1260 884 1312 autem
911 1259 1180 1357 possunt,
1197 1253 1510 1332 diligenter
1534 1261 1816 1314 tenentur.
1897 1256 1978 1314 M.
2008 1256 2132 1314 Ma-
2170 1262 2208 1316 9

200 1345 320 1402 rius
366 1343 749 1411 Gratidianus,
791 1344 1145 1421 propinquus
1186 1345 1396 1413 noster,
1426 1344 1493 1402 Ο.
1520 1344 1736 1422 Sergio
1764 1344 1958 1403 Oratae
1984 1364 2130 1404 *ven-

201 1433 428 1498 diderat
453 1433 612 1491 aedes
633 1450 749 1520 (ξας,
771 1451 914 1510 quas
940 1432 1013 1492 ab
1041 1432 1287 1491 eodem
1270 1452 1394 1511 1pse
1421 1434 1617 1512 paucis
1636 1441 1769 1493 ante
1794 1435 1957 1493 annis
1980 1436 2139 1512 eine-

199 1529 310 1582 rat.
410 1523 510 1581 Eae
563 1523 913 1581 serviebantt
983 1523 1088 1581 sed
1141 1524 1253 1583 hoc
1291 1524 1383 1582 -in-
1431 1525 1711 1604 mancipio
1764 1527 1978 1585 Marius
2017 1546 2159 1587 non·

201 1614 442 1673 dixerat.
510 1613 787 1671 Adducta
806 1626 899 1670 res
919 1612 978 1670 in
991 1612 1267 1690 judicium
1281 1621 1387 1673 est.
1446 1614 1682 1673 Oratam
1703 1616 1971 1686 Crassus5
1984 1617 2128 1675 Gra-
2160 1622 2236 1675 10

149 1770 156 1776 ‚
200 1703 482 1762 fidianum
509 1703 851 1761 defendebat
876 1702 1178 1762 Antonius.
1209 1727 1234 1758 f.
1260 1704 1300 1762 J
1303 1723 1370 1762 us
1401 1703 1641 1763 Crassus
1680 1707 1941 1783 urgebat,
1972 1703 2130 1783 quod

199 1794 322 1853 vitii
345 1793 608 1864 venditor
630 1811 744 1849 non
759 1791 1003 1872 dixisset
1029 1792 1226 1860 sciens,
1247 1793 1311 1850 id
1330 1800 1594 1870 oportere
1622 1795 1912 1870 proesta'ri:
1947 1795 2129 1871 'aequi-

199 1890 385 1941 tatem
436 1881 742 1954 Antonius,
796 1881 1062 1959 quoniam
1115 1881 1173 1939 id
1214 1881 1415 1939 vitium
1467 1882 1731 1959 ignotum
1771 1882 1977 1959 Sergio
2016 1888 2153 1942 noh‘
2225 1909 2232 1916 ·

198 1972 422 2040 fuisset,
449 1972 549 2049 qui
588 1971 712 2029 illas
739 1971 892 2029 aedes
919 1967 1285 2038 vendidisset,
1317 1970 1455 2028 nihil
1497 1971 1674 2028 fuisse
1716 1988 1947 2062 necesse
1972 1971 2130 2029 dici.

198 2081 307 2120 nec
335 2080 471 2123 eum
497 2080 620 2118 esse
647 2061 971 2138 deceptum,
999 2060 1100 2137 qui
1124 2060 1201 2127 id,
1226 2057 1382 2136 quod
1409 2065 1796 2137 emerat,an
1798 2051 1935 2143 jure
1960 2068 2130 2129 esset,

199 2157 441 2210 teneret.
526 2141 781 2219 Quorsus
822 2150 985 2208 hoec.
964 2151 1002 2191 ‘7-
1051 2156 1119 2207 ut
1163 2149 1312 2208 illud
1347 2147 1649 2279 intelligas,
1694 2168 1811 2209 ιιοιι
1850 2150 2133 2254 placuisse
2162 2158 2233 2211 11

199 2240 526 2319 majoribus·
542 2240 750 2356 nostris
777 2245 1016 2297 astutos.

280 2419 481 2477 XVH.
525 2418 642 2477 Sed
669 2369 832 2476 aliter
856 2417 1030 2495 leges,
1061 2415 1223 2475 aliter
1264 2417 1589 2496 philosophi
1627 2418 1836 2477 tollunt
1875 2420 2130 2480 astutias·

201 2509 411 2588 Leges,
439 2514 718 2585 qmtenus
735 2526 921 2564 ⁴manu
941 2513 1133 2565 tenere
1173 2514 1443 2583 possunt;
1485 2499 1821 2585 philosophi,
1852 2515 2133 2585 quatenus

201 2600 426 2658 ratione
467 2605 528 2655 et
570 2596 956 2674 intelligentia.
1037 2594 1206 2654 Ratio
1245 2614 1385 2673 ergo
1428 2596 1698 2672 postulat,
1727 2615 1800 2653 ne
1828 2597 1963 2672 quid
2002 2596 2153 2655 insi-'

204 2689 383 2755 diose,
409 2699 497 2745 ne
538 2686 677 2763 quid
724 2686 1001 2752 simulate,
1033 2703 1104 2742 ne
1139 2684 1283 2764 'quid
1326 2684 1619 2742 fallaciter.
1703 2684 1922 2744 Suntne
1961 2686 2134 2764 igitur
2162 2692 2197 2745 2

203 2777 423 2836 insidiae
463 2777 695 2835 tendere
723 2777 941 2853 plagas
972 2771 1191 2833 etiamsi
1230 2773 1589 2833 excitaturus·
1601 2794 1732 2836 non
1755 2775 1830 2832 sis
1869 2794 1974 2833 nec
2014 2776 2132 2855 agi-

204 2867 479 2926 taturus?
562 2866 719 2950 Ipsoe
756 2865 906 2928 enim
933 2854 1076 2922 'ferae
1107 2863 1272 2922 nullo
1302 2847 1633 2941 insequente
1669 2881 1821 2943 saepe
1860 2865 2131 2926 incidunt.

204 2956 303 3015 Sic
352 2963 419 3014 tu
461 2955 614 3013 oedes
653 2945 987 3033 proscribas,
1029 2953 1304 3022 tabulam,
1347 2944 1643 3031 tamquam
1683 2956 1902 3034 plagae,
1933 2975 2131 3033 ponaS,

204 3045 447 3104 domum
486 3051 722 3122 propter
748 3043 888 3101 vitia
908 3044 1139 3111 vendaS,
1165 3043 1223 3102 in
1250 3061 1380 3102 eam
1406 3044 1607 3121 aliquis
1644 3045 1899 3103 incurrat
1919 3044 2134 3121 impru-

204 3135 354 3194 dens
370 3135 397 3191 ‘2
467 3135 596 3194 Hoc
611 3152 963 3211 quamquam
975 3133 1146 3191 ¹vldeo
1164 3142 1401 3211 propter
1416 3134 1879 3211 depravationem
1897 3143 2139 3190 consue·
2162 3140 2198 3191 3

204 3223 422 3281 tudinis
460 3233 645 3299 neque
672 3241 829 3281 more
868 3229 1038 3299 turpe
1073 3222 1286 3291 haberi,
1316 3241 1500 3300 neque
1528 3229 1629 3279 aut
1648 3222 1782 3298 lege
1809 3221 2009 3278 sanciri
2035 3228 2136 3279 aut

200 3314 334 3393 jure
357 3313 535 3371 civili·
563 3320 755 3370 tamen
775 3321 994 3370 naturae
1013 3311 1140 3390 lege
1162 3319 1425 3370 sanctum
1444 3317 1548 3368 est.
1608 3310 1862 3368 Societas
1879 3316 1969 3366 est
1987 3309 2137 3368 enim
2163 3315 2201 3368 4

207 3401 395 3483 (quod
444 3402 550 3460 etsi
589 3420 750 3480 saepe
789 3401 1006 3459 dictum
1046 3407 1150 3467 est,
1181 3399 1486 3458 dicendum
1529 3406 1721 3456 tamen
1768 3404 1856 3455 est
1903 3397 2136 3480 saepius)

205 3491 483 3552 latissime
522 3491 754 3568 quidem
794 3507 922 3567 quae
966 3495 1178 3565 pateat,
1207 3488 1501 3547 hominum
1541 3488 1688 3548 inter
1729 3487 2016 3556 homines;
2056 3489 2138 3547 in-

204 3582 382 3640 terior
423 3580 765 3657 eoruquui
803 3577 1062 3657 ejusdem
1102 3578 1289 3656 gentis
1331 3585 1501 3647 sunt;
1539 3578 1772 3681 propior
1798 3596 2012 3645 eorum,
2042 3578 2141 3655 qui

207 3670 475 3750 ejusdem
500 3670 758 3730 civitatis.
835 3670 1041 3746 Itaque
1082 3667 1330 3746 majores
1356 3659 1511 3727 aliud
1547 3669 1645 3746 jus
1683 3667 1956 3747 gentium,
1985 3668 2140 3728 aliud
2167 3677 2207 3729 5
