2592 4142
319 261 398 318 ⁶6
1147 275 1225 315 ns
1267 272 1523 317 omens

322 409 396 464 16
427 404 572 475 Quae
591 402 639 463 si
658 393 873 482 ΡοΡιιΙΟ
892 383 1152 463 Romano
1176 403 1386 482 injuste
1412 404 1714 485 imperanti
1739 403 1997 465 aeoidere
2025 412 2355 485 potuerunt,

424 493 564 571 quid
590 493 802 552 debent
828 500 1037 572 putare
1064 494 1317 573 singuli?

321 583 395 643 17
503 582 674 653 Quod
720 602 853 641 oum
899 583 1263 662 perspicuum
1309 583 1399 651 sit,
1412 582 1835 642 benivolentiae
1885 585 2002 643 vim
2058 603 2184 645 esse
2236 606 2355 646 ma-

422 691 616 752 gnam,
643 679 833 731 metus
858 673 1234 732 imbecillam.
1275 672 1530 752 sequitur
1555 678 1624 732 ιιι
1649 673 2005 743 disseramus,
2035 675 2242 753 quibus
2267 696 2355 735 re-

421 763 533 823 bus
576 761 841 842 faeillime
888 762 1170 841 possimus
1216 781 1362 831 eam,
1405 779 1579 841 quam
1622 762 1902 832 volumus,
1946 764 2183 843 adipisei
2222 785 2356 825 cum

421 852 636 911 honore
662 859 723 911 et
746 852 862 911 fide
889 852 1196 914 caritatem.
1254 847 1373 911 Sed
1400 871 1470 910 ea
1493 871 1608 910 non
1634 853 1847 930 pariter
1872 871 2069 912 omnes
2096 873 2354 934 egemus.
2450 857 2461 866 ’

319 947 400 1002 18
424 942 576 1001 Nam
617 941 693 1001 ad
735 943 1012 1021 cujusque
1038 942 1214 1001 vitam
1253 942 1570 1000 institutam
1609 942 2159 1004 accommodandum
2185 952 2289 1012 est,
2319 964 2357 1003 a

320 1038 396 1093 19
421 1033 686 1092 multisne
711 1051 858 1110 opus
883 1032 976 1100 sit,
1004 1051 1079 1089 an
1103 1032 1239 1091 satis
1266 1032 1340 1090 sit
1367 1051 1402 1089 a
1428 1031 1625 1111 paucis
1661 1031 1834 1111 diligi.
1919 1032 2158 1091 Certum
2183 1033 2357 1112 igitur

422 1122 531 1181 lioe
559 1122 648 1191 sit,
676 1122 848 1199 idque
875 1128 937 1181 et
975 1122 1221 1200 primum
1260 1128 1321 1180 et
1355 1121 1602 1180 maxime
1644 1122 2042 1191 necessarium,
2050 1123 2354 1183 familiari-

421 1219 571 1272 tates
597 1212 808 1272 habere
835 1211 980 1270 fidas
1019 1211 1329 1270 amantium
1353 1223 1458 1269 nos
1485 1211 1795 1269 amicorum
1823 1217 1884 1270 et
1909 1218 2107 1270 nostra
2146 1213 2355 1271 miran-

318 1307 396 1362 20
423 1303 581 1360 tium.
664 1301 811 1360 Haeo
839 1301 988 1359 enim
1015 1307 1104 1359 est
1142 1318 1259 1359 una
1296 1319 1388 1359 res
1429 1320 1661 1379 prorsus
1687 1307 1893 1359 utnon
1919 1301 2168 1360 ιιιιιΙιιιιιι
2196 1302 2357 1360 diffe-

421 1398 512 1450 rat
536 1392 684 1449 inter
708 1400 958 1449 summos
986 1397 1046 1448 et
1071 1389 1387 1449 medioeres
1406 1390 1589 1458 viros,
1575 1410 1589 1423 ²
1618 1409 1798 1469 eaque
1824 1390 2080 1468 utrisque
2106 1398 2198 1450 est
2225 1411 2357 1469 pro-

317 1486 390 1540 21
422 1479 732 1584 pemodum
777 1479 1177 1557 comparanda.
1257 1478 1491 1538 Honore
1538 1486 1598 1538 et
1640 1479 1824 1559 gloria
1871 1486 1931 1539 et
1977 1467 2359 1540 benivolentia

421 1568 625 1629 civium
641 1569 889 1627 fortasse
914 1588 1029 1628 non
1055 1577 1216 1647 aeque
1243 1586 1439 1627 omnes
1465 1576 1654 1648 egent,
1675 1569 1776 1628 sed
1803 1574 1995 1628 tamen
2021 1570 2070 1628 si
2094 1565 2193 1630 eui
2220 1570 2352 1630 haeo

420 1665 752 1737 suppetunt,
752 1657 1057 1737 adjuvant
1083 1659 1434 1736 aliquantum
1472 1666 1598 1740 tum
1623 1658 1711 1718 ad
1727 1665 1933 1728 cetera,
1960 1664 2087 1718 tum
2113 1659 2190 1718 ad
2217 1659 2356 1719 ami-

420 1747 580 1816 eitias
605 1748 1032 1828 comparandas.
1121 1761 1128 1766 ·

499 1928 603 1988 IX
646 1923 774 1987 Sed
808 1928 910 1987 de
924 1928 1168 1987 amioma
1072 1853 1745 1990 'affl'llbrfdiotum
1772 1934 1877 1997 est,
1905 1927 2002 2006 qui
2029 1927 2361 1988 mseribitur

419 1997 645 2078 LaeliuS.
727 2018 896 2078 Nunc
941 2017 1195 2078 dicamus
1235 2017 1310 2076 de
1345 2017 1476 2096 glo
1492 2036 1523 2076 r
1537 2018 1556 2075 i
1572 2036 1639 2086 a,-
1654 2036 2005 2096 quamquam
2030 2017 2098 2076 ea
2125 2035 2358 2096 quoque

419 2108 494 2168 de
518 2127 582 2166 re
604 2108 721 2166 duo
742 2114 877 2167 sunt
903 2108 1080 2166 nostri
1106 2107 1265 2167 libri:
1296 2107 1399 2166 sed
1426 2107 1788 2186 attingamus,
1808 2106 2268 2185 quandoquidem
2287 2125 2360 2165 ea

354 2203 392 2256 ⁴2
420 2197 479 2256 in
495 2198 667 2256 rebus
681 2197 995 2274 ‘majoribus
1015 2196 1471 2255 administrandis
1490 2196 1729 2276 adjuvat
1748 2196 2069 2275 plurimum.
2117 2195 2358 2256 Summa

419 2286 593 2365 igitur
619 2293 679 2343 et
705 2286 959 2363 perfecta
996 2286 1177 2364 gloria
1204 2292 1429 2345 constat
1456 2303 1527 2344 ex
1552 2287 1735 2345 tribus
1762 2286 1883 2345 his:
1924 2286 1972 2344 si
1998 2285 2183 2365 diligit
2208 2285 2357 2345 mul-

421 2374 625 2443 titudo,
656 2375 703 2432 si
741 2375 913 2433 fidem
952 2376 1147 2444 habet,
1175 2375 1223 2433 si
1262 2394 1395 2455 oum
1437 2376 1803 2436 admiratione
1847 2375 2094 2454 quadam
2133 2376 2358 2434 honore

356 2473 392 2525 3
422 2465 623 2546 dignos
651 2471 834 2544 putat.
916 2463 1058 2523 Haee
1087 2471 1299 2533 autem,
1328 2465 1375 2522 si
1402 2471 1492 2524 est
1517 2466 1846 2545 simpliciter
1884 2464 2243 2543 breviterque
2269 2464 2356 2524 di-

421 2555 680 2636 cendum,
724 2554 930 2633 quibus
972 2556 1144 2614 rebus
1188 2554 1486 2642 pariuntur
1528 2574 1564 2612 a
1606 2555 1860 2634 sing-ulie,
1907 2554 2121 2614 eisdem
2160 2554 2280 2613 fere
2317 2572 2360 2612 a

418 2629 793 2724 multitudine.
875 2644 1010 2704 sed
1022 2651 1111 2706 est
1137 2644 1278 2705 alius
1316 2661 1544 2724 quoque
1584 2645 1817 2722 quidam
1844 2637 2030 2703 aditus
2059 2643 2134 2702 ad
2161 2643 2357 2703 multi-

421 2736 691 2804 tudinem,
719 2743 786 2792 ut
812 2735 870 2793 in
894 2735 1284 2795 universorum
1313 2735 1527 2793 animos
1567 2742 1858 2814 tamquam
1897 2732 2131 2798 influere
2174 2732 2359 2811 possi-

419 2837 564 2882 mus.
1367 2864 1376 2873 .

357 2918 395 2971 4
499 2912 593 2971 Ae
635 2912 880 2990 'primum
923 2912 998 2971 de
1036 2913 1143 2972 illis
1183 2914 1381 2982 tribus,
1412 2934 1544 2992 quae
1583 2913 1885 2983 antedixi,
1900 2911 2358 2972 benivolen-

421 3003 479 3061 t
463 3022 483 3061 1
499 3022 551 3061 ae
607 3008 896 3080 praeoepta
942 2999 1265 3061 videamus:
1324 3023 1454 3081 quae
1511 3004 1744 3086 quidem
1800 3004 2024 3081 capitur
2068 3000 2367 3061 benefieiis

421 3093 702 3152 maxime:
731 3087 996 3151 seeundo
1038 3100 1230 3151 autem
1272 3093 1401 3152 loeo
1428 3095 1683 3152 benefica
1708 3092 2003 3153 voluntate
2018 3089 2357 3151 benivolen-

277 3256 289 3266 ·
356 3192 393 3245 5
422 3183 501 3243 tia
525 3189 802 3251 movetur,
825 3182 1043 3242 etiamsi
1070 3202 1159 3241 res
1185 3185 1334 3242 forte
1361 3190 1475 3242 ‘non
1504 3183 1777 3287 ειιΡΡθιιι.
1839 3172 2233 3241 Vehementer
2252 3200 2358 3240 au·-

422 3281 543 3332 tem
568 3293 727 3333 amor
750 3273 1129 3333 multitudinis
1171 3281 1561 3365 commovetur
1586 3274 1711 3351 ipsa
1735 3271 1891 3331 fama
1917 3280 1976 3330 et
2003 3271 2263 3349 opinione
2287 3271 2359 3329 li·

421 3363 747 3432 beralitatiS,
796 3361 1198 3433 beneficentiae,
1243 3364 1496 3442 justitiae,
1547 3361 1696 3431 fidei,
1746 3361 2110 3439 omniumque
2159 3379 2363 3420 earum

422 3452 715 3521 virtutum,
744 3471 875 3530 quae
905 3454 1185 3531 pertin-ent
1212 3454 1286 3512 ad
1315 3453 1807 3514 mansuetudinem
1844 3471 2069 3510 morum
2107 3469 2177 3509 ae
2219 3450 2361 3508 faoi-

359 3547 408 3601 6x
422 3541 655 3600 litatem.
737 3543 961 3600 Etenim
1005 3542 1147 3601 fllud
1191 3544 1399 3621 ipsum,
1427 3543 1583 3622 quod
1622 3544 1928 3601 honestum
1968 3541 2364 3617 decorumque

331 3638 356 3662 ·
425 3630 678 3698 dicimus,
708 3630 846 3707 quia'
865 3639 969 3710 per
994 3651 1055 3690 se
1082 3632 1244 3691 nobis
1271 3633 1480 3710 placet,
1508 3633 1835 3712 animosque
1873 3631 2128 3691 omnium
2153 3635 2367 3690 natura
