2592 4142
1031 243 1206 299 nmina
1230 244 1274 287 1.
1353 243 1491 286 εΑΡ.
1518 245 1632 286 m.
1799 270 1806 275 a
2217 230 2308 297 ,51

266 371 492 432 tionem
537 390 732 445 rerum
777 371 928 452 aptis
973 368 1037 432 ει
1058 372 1524 447 ,accommodatis
1568 373 1740 435 locis:
1780 371 1973 433 locum
2017 379 2214 434 autem

266 461 526 531 actionis,
547 463 1034 541 opportunitatem
1060 463 1332 543 temporis
1359 482 1484 522 esse
1510 463 1732 523 dicunt:
1763 471 1990 542 tempus
2017 464 2212 524 autem

260 552 511 617 actionis
549 559 937 631 opportunum
987 554 1192 612 Graece
1229 552 1493 633 εὐκαιρία,
1523 553 1727 614 Latine
1741 553 2090 633 appellatur
2116 573 2210 614 oc·

270 642 445 702 casio.
524 642 621 702 Sic
648 643 732 712 fit,
758 650 827 702 ut
852 643 1131 707 modestia
1171 644 1319 713 haec,
1348 662 1524 722 quam
1549 643 1631 703 ita
1655 643 2113 723 interpretamur,
2142 649 2211 702 ut
2236 648 2275 702 4

271 732 408 800 dixi,
438 732 671 792 scientia
697 733 771 791 sit
796 734 1239 812 opportunitatis
1276 733 1610 792 idoneorum
1634 734 1710 791 ad
1737 733 2027 813 agendum
2064 738 2209 793 tem-

270 839 502 926 porum.
581 822 703 881 Sed
729 829 921 900 potest
946 822 1152 882 eadem
1176 841 1302 901 esse
1330 810 1651 901 prudentiae
1696 822 1964 891 definitio,
1992 821 2069 881 de
2093 840 2211 900 qua
2237 829 2272 883 5

269 911 551 991 principio
592 911 872 975 diximus:
914 913 1026 977 hoc
1068 918 1264 972 autem
1305 912 1434 972 loco
1461 912 1537 972 de
1560 911 1949 972 moderatione
1976 917 2037 970 et
2062 917 2208 971 tem-

269 1001 533 1080 perantia
573 1008 635 1061 et
675 1021 873 1061 earum
915 1001 1192 1062 similibus
1222 1002 1533 1073 virtutibus
1575 1001 1900 1080 quaerimus.
1983 1002 2209 1080 Itaque,

267 1110 408 1169 quae
463 1098 626 1151 erant
676 1092 996 1171 prudentiae
1045 1092 1292 1172 propria,
1343 1111 1450 1152 suo
1499 1091 1628 1152 loco
1673 1091 1830 1150 dicta
1874 1097 2039 1149 sunt·
2025 1134 2052 1149 .-
2080 1109 2213 1168 quae

268 1188 471 1240 autem
513 1181 720 1240 harum
743 1181 1038 1251 virtutum,
1080 1181 1154 1240 de
1192 1182 1401 1259 quibus
1442 1181 1568 1260 jam
1604 1180 1708 1239 diu
1746 1179 2047 1258 loquimur,
2074 1199 2209 1258 quae

266 1270 558 1350 pertinent
595 1270 674 1330 ad
697 1271 1117 1340 verecundiam,
1145 1278 1206 1330 et
1229 1271 1307 1329 ad
1335 1289 1534 1330 eorum
1571 1270 2062 1349 approbationem,
2087 1269 2209 1347 qui-

267 1362 516 1420 buscum
542 1360 800 1429 vivimus,
826 1380 977 1419 nunc
1022 1360 1265 1420 dicenda
1303 1366 1455 1419 sunt.
1536 1360 1690 1418 Talis
1737 1366 1848 1417 εει,
1865 1359 2041 1437 igitur
2066 1359 2209 1418 ordo
2237 1364 2274 1418 6

266 1451 560 1509 actionum
604 1448 983 1518 adhibendus,
1025 1456 1108 1519 ut,
1149 1448 1638 1527 quemadmodum
1675 1449 1736 1507 in
1775 1450 2028 1510 oratione
2075 1468 2208 1509 con-

265 1538 464 1608 stanti,
491 1539 571 1609 sic
610 1539 670 1598 in
694 1539 813 1598 vita
851 1539 1040 1597 omnia
1076 1538 1190 1598 sint
1228 1545 1371 1616 apta
1412 1530 1561 1597 inter
1599 1556 1663 1598 se
1704 1545 1766 1597 et
1807 1539 2207 1609 convenientia.

267 1629 465 1707 Turpe
489 1635 580 1688 est
605 1627 756 1688 enim
773 1628 1054 1707 valdeque
1068 1628 1350 1696 vitiosum,
1370 1628 1431 1687 ιιι
1455 1647 1519 1687 re
1546 1647 1745 1688 severa
1769 1628 2009 1688 convivii
2037 1629 2208 1697 dicta,
2238 1627 2273 1688 '1

266 1725 374 1777 aut
398 1717 707 1781 delicatum
731 1718 978 1797 aliquem
995 1718 1204 1777 inferre
1221 1718 1773 1866 sermoneQPene
1789 1717 2059 1787 PericleS,
2076 1737 2210 1777 cum
2237 1724 2274 1777 8

266 1808 512 1867 haberet
542 1808 828 1888 ,collegam
868 1808 928 1866 in
970 1814 1223 1887 praztura
1262 1807 1462 1886 Sopho
1590 1850 1608 1875 ,
1634 1807 1785 1885 iique
1825 1807 1899 1865 de
1926 1807 2211 1877 communi

267 1897 456 1958 officio
502 1898 911 1966 convenissent,
953 1904 1014 1956 et
1060 1904 1207 1956 casu'
1243 1897 1530 1956 formosus
1570 1914 1715 1974 puer
1753 1896 2084 1973 praeteriret,
2125 1896 2209 1955 di-

267 1988 560 2066 xissetque
588 1987 921 2066 Sophoclea,
946 1986 998 2046 Ο
1018 2005 1262 2066 puerum
1288 1986 1613 2065 pulchrum,
1633 1984 1883 2043 Pericle!
1949 1985 2038 2043 At
2061 1985 2211 2044 enim

266 2084 595 2158 praetorem,
643 2077 946 2157 Sophocle,
995 2077 1163 2136 decet
1213 2095 1332 2135 non
1384 2075 1572 2139 solum
1617 2093 1836 2143 manus,
1885 2074 1989 2133 sed
2038 2074 2211 2134 etiam

267 2168 469 2228 oculos
494 2169 839 2233 abstinentes
865 2167 1094 2226 habere.
1174 2166 1375 2244 Atque
1402 2166 1512 2224 hoc
1538 2164 1692 2225 idem
1734 2163 2049 2243 Sophocles
2078 2163 2128 2223 si
2151 2164 2211 2223 in
2243 2190 2254 2205 ν
2319 2167 2331 2179 ’

268 2258 618 2318 athletarum
642 2256 972 2337 probatione
992 2255 1263 2331 dixisset,
1274 2256 1435 2334 justa
1451 2255 1890 2334 reprehensione
1907 2254 2209 2315 caruisset:

267 2355 436 2408 tanta
470 2348 558 2407 vis
598 2350 689 2407 est
731 2353 792 2406 ει
828 2346 939 2406 loci
977 2352 1039 2404 et
1073 2347 1364 2424 temporis.
1446 2346 1549 2414 Ut,
1577 2345 1627 2404 si
1660 2345 1778 2423 qui,
1806 2364 1940 2413 cum
1969 2360 2209 2403 'causam
2237 2348 2273 2404 9
2380 2390 2388 2397 .

269 2438 348 2497 sit
373 2444 624 2506 acturus,
650 2438 711 2499 in
734 2436 936 2495 itinere
962 2442 1064 2494 aut
1095 2436 1161 2494 in
1198 2434 1583 2496 ambulatione
1625 2453 1823 2494 secum
1867 2434 1991 2511 ipse
2031 2433 2209 2493 medi-

269 2534 445 2606 tetur,
474 2533 576 2585 aut
592 2526 648 2595 ,si
673 2525 812 2605 quid
839 2525 994 2584 aliud
1020 2525 1291 2585 attentius
1319 2524 1566 2602 cogitet„
1582 2542 1698 2582 non
1721 2522 2206 2600 reprehendatur:

270 2623 337 2675 at
363 2617 479 2675 hoc
501 2615 654 2675 idem
678 2616 727 2675 si
752 2615 812 2674 in
849 2614 1105 2674 convivio
1147 2614 1339 2682 faciat,
1366 2614 1709 2673 inhumanus
1735 2611 2014 2680 videatur,
2042 2610 2207 2671 insci-

271 2707 355 2765 tia
402 2705 689 2784 temporis.
770 2704 890 2764 Sed
916 2723 1002 2773 ea,
1032 2721 1166 2782 quae
1201 2703 1449 2762 multum
1491 2702 1568 2761 ab
1606 2701 1957 2760 humanitate
2001 2700 2209 2760 discre—
2240 2706 2314 2760 10

260 2801 434 2875 pant,
462 2802 546 2864 ut,
575 2795 624 2854 si
649 2794 776 2872 quis
816 2794 874 2853 in
916 2795 1041 2852 foro
1083 2799 1292 2861 cantet,
1334 2797 1436 2851 aut
1476 2792 1524 2850 si
1564 2810 1681 2870 qua
1722 2797 1834 2850 est
1852 2791 1964 2851 alia
2000 2809 2252 2883 magna
2321 2842 2338 2853 .

272 2885 633 2964 perversitas,
661 2885 827 2943 facile
842 2890 1149 2962 mapparent
1175 2902 1280 2942 nec
1307 2900 1519 2962 magno
1556 2900 1732 2960 opere
1770 2864 2252 2940 admonitionem
2298 2886 2308 2897 ‘

272 2983 337 3034 et
363 2982 661 3053 praeoepta
684 2973 1025 3033 desiderant.
1088 2974 1233 3043 Quae
1258 2980 1454 3032 autem
1480 2990 1658 3051 parva
1669 2971 1933 3032 videntur
1957 2988 2082 3030 esse
2109 2969 2208 3033 de·
2240 2973 2312 3028 11

272 3065 428 3132 licta,
455 3082 642 3141 neque
668 3082 705 3122 a
729 3062 924 3122 multis
965 3063 1203 3142 intelligi
1247 3070 1506 3142 possunt,
1533 3063 1610 3122 ab
1648 3062 1715 3121 iis
1754 3068 1844 3121 est
1884 3058 2211 3140 diligentius

274 3153 695 3214 declinandum.
776 3153 863 3211 Ut
901 3152 961 3211 in
1005 3153 1212 3212 fidibus
1254 3159 1359 3211 aut
1394 3152 1455 3210 ιιι
1492 3151 1659 3219 tibiis,
1687 3148 1946 3228 quamvis
1972 3147 2211 3226 paulum
2240 3152 2313 3205 12

273 3244 618 3321 discrepent,
646 3249 840 3302 tamen
873 3243 934 3301 id
961 3261 997 3300 a
1023 3242 1234 3303 sciente
1277 3240 1650 3303 animadyerti
1693 3239 1871 3297 solet:
1912 3237 1991 3296 sic
2017 3236 2210 3297 viden-

273 3333 420 3392 dum
459 3339 549 3390 est
570 3332 633 3391 in
658 3332 793 3401 vita,
836 3351 909 3391 ne
950 3331 1100 3390 forte
1138 3331 1283 3409 quid
1322 3330 1642 3407 discrepet3
1682 3327 1774 3386 vel
1816 3327 1998 3384 multo
2041 3325 2213 3384 etiam

274 3422 480 3501 magis,
509 3441 626 3500 quo
667 3422 852 3500 major
893 3429 955 3481 et
996 3421 1192 3479 melior
1233 3419 1539 3486 actionum,
1567 3435 1742 3495 quam
1768 3432 2051 3484 sonorum,
2079 3433 2211 3473 con-

275 3519 482 3572 centus
506 3517 611 3571 est.
692 3512 848 3572 XLI.
890 3512 1112 3588 Itaque,
1140 3516 1207 3567 ut
1231 3509 1291 3568 in
1317 3506 1528 3567 fidibus
1550 3506 1896 3565 musicorum
1922 3522 2092 3563 aures
2118 3502 2213 3563 vel

275 3600 512 3664 minima
537 3601 819 3662 sentiunt:
861 3601 940 3660 sic
967 3618 1090 3669 nos,
1119 3598 1167 3658 si
1192 3602 1353 3658 acres
1377 3614 1447 3658 ac
1472 3596 1770 3677 diligentes
1797 3613 1922 3655 esse
1946 3593 2215 3655 volumus
