2592 4142
828 270 1001 311 usna
1026 270 1113 310 111.
1196 263 1332 311 cAP.
1360 261 1549 312 xxvn.
2106 258 2224 315 1-15

185 398 262 459 de
289 399 467 462 Ulixe
493 397 649 457 nulla
675 399 924 503 suspicio
963 398 1096 480 est),
1124 399 1225 458 sed
1261 400 1589 474 insimulant
1624 417 1758 459 eum
1795 401 2117 481 tragoediae,

186 489 546 550 simulatione
591 489 823 550 insaniae
876 489 1132 574 militiam
1187 469 1586 583 subterfugere
1642 490 1901 550 voluisse.
1983 492 2119 552 Non
2145 499 2182 553 2

187 582 496 640 honestum
543 567 850 639 consilium.
934 581 1021 638 At
1066 580 1223 648 utile,
1264 588 1332 639 ut
1374 582 1573 660 aliquis
1611 581 1851 639 fortasse
1892 582 2114 652 dixerit,

187 690 434 751 regnare
461 677 522 728 et
548 671 767 728 Ithacae
793 670 981 729 vivere
1006 669 1185 732 otiose
1226 690 1359 729 cum
1387 671 1730 748 parentibuS,
1762 691 1893 731 cum
1918 692 2113 741 uxore,
2190 689 2198 696 ’

187 781 323 820 cum
348 761 481 826 filio.
563 760 772 838 Ullum·
790 767 858 818 tu
883 760 1109 819 decus
1094 779 1152 818 m
1177 761 1516 838 quotidianis
1554 760 1843 820 laboribus
1882 768 1944 821 et
1969 763 2115 842 peri-

188 852 332 912 culis
359 870 496 910 cum
521 850 631 908 hac
645 850 1061 927 tranquillitate
1088 849 1493 909 conferendum
1533 849 1749 930 putas?
1790 919 1793 924 Ι
1828 852 1956 930 Ego
1982 871 2116 911 vero
2144 860 2180 912 3

188 942 359 1002 istam
385 938 856 1000 contemnendam
880 946 940 997 et
957 939 1379 1017 abjiciendam:
1418 941 1701 1017 quoniam,
1722 959 1854 1019 quae
1879 941 2117 1001 honesta

190 1050 303 1090 non
328 1031 422 1100 sit,
449 1049 523 1088 ne
546 1023 746 1087 utilem
772 1028 1003 1106 quidem
1028 1047 1154 1087 esse
1194 1029 1454 1090 arbitror.
1538 1030 1691 1100 Quid
1717 1029 1865 1108 enim
1891 1027 2114 1091 auditu·
2143 1036 2183 1091 4

189 1139 319 1179 rum
348 1127 524 1198 putas
547 1119 721 1177 fuisse
748 1119 991 1190 Ulixem,
1021 1118 1071 1177 si
1094 1118 1152 1176 in
1171 1118 1296 1176 illa
1325 1118 1678 1178 simulatione
1704 1121 2114 1197 perseveravis-

189 1217 319 1269 set.
297 1210 326 1251 ‘²
368 1210 469 1288 qui
495 1221 627 1268 cum
651 1209 927 1270 maximas
952 1227 1045 1270 res
1083 1208 1343 1289 gesserit
1342 1209 1407 1267 in
1432 1207 1603 1279 bello,
1631 1207 1977 1292 tamenlhaec
2015 1228 2115 1268 au-

189 1300 310 1359 diat
336 1300 416 1359 ab
441 1297 708 1378 Ajacea

520 1387 748 1464 Osqua
722 1406 836 1463 epse
850 1389 1113 1463 princeps
1123 1388 1538 1472 jurisjurandi
1545 1390 1693 1466 fuit,
1776 1427 1781 1433 -

521 1475 689 1552 Qwod
714 1494 896 1536 omues
920 1479 1086 1546 scitis,
1114 1467 1267 1536 solas
1289 1480 1528 1553 nqqleoeit
1541 1480 1739 1570 fidem.

510 1568 722 1627 Furere
745 1568 1089 1636 assimulare,
1116 1587 1186 1638 m
1209 1569 1391 1639 coiret,
1419 1571 1640 1630 amitit.
1698 1585 1701 1590 '

522 1657 688 1730 Quod
710 1658 776 1715 πί
798 1658 1129 1716 Palamedis
1136 1659 1428 1734 perspicax
1434 1659 1751 1734 prudentia

511 1745 696 1807 Istius
709 1756 985 1825 percepset
1009 1750 1355 1807 malitiosam
1377 1747 1692 1819 audaciam,

505 1838 657 1897 Fide
681 1839 1027 1914 sacratoejus
1042 1845 1310 1913 perpetuo
1319 1839 1575 1914 falleret.

185 1929 287 1991 Illi
310 1947 450 1988 vero
475 1947 589 1986 non
613 1928 785 1986 modo
814 1947 947 1987 cum
965 1927 1243 1996 hostibus,
1262 1945 1462 1985 verum
1475 1927 1648 1985 etiam
1675 1943 1807 1988 cum
1831 1927 2115 1998 fluctibns,
2145 1938 2182 1991 5

185 2020 251 2082 id
278 2017 439 2097 quod
464 2018 617 2088 fecit,
647 2017 913 2077 dimicare
939 2014 1141 2076 melius
1168 2016 1294 2085 fuit,
1325 2031 1502 2094 quam
1540 2014 1800 2076 deserere
1840 2018 2118 2078 consenti-

187 2116 387 2169 entem
417 2107 710 2180 Graeciam·
726 2107 803 2165 ad
828 2105 1045 2167 bellum
1068 2106 1326 2166 barbaris
1350 2105 1721 2165 inferendum.
1856 2183 1863 2190 x

272 2286 396 2346 Sed
449 2286 777 2346 omittamus
816 2292 878 2349 et
927 2285 1170 2356 fabulas,
1211 2292 1273 2345 et
1325 2291 1581 2354 externa:
1606 2285 1699 2364 ,ad
1745 2305 1867 2349 rem
1906 2285 2121 2357 factam
2148 2294 2185 2347 6

187 2384 562 2455 nostramque
586 2377 895 2435 veniamus.
963 2375 1057 2452 Μ.
1079 2367 1300 2435 ‘Atilius
1340 2376 1721 2455 Regulus,
1749 2381 1897 2436 cnm'
1922 2379 2120 2438 consul
2148 2378 2183 2438 ’1

185 2469 401 2529 iterum
429 2466 487 2525 in
504 2466 703 2525 Africa
722 2485 794 2526 ex
820 2464 1032 2525 insidiis
1058 2472 1262 2544 captus
1289 2474 1461 2534 esset,
1484 2464 1630 2524 duce
1656 2455 1986 2545 Xanthippo
2011 2467 2120 2525 La·-

188 2556 562 2624 cedaemonio,
604 2555 946 2634 imperatore
985 2560 1179 2614 autem
1214 2562 1387 2632 patre
1420 2551 1752 2612 Hannibalis
1778 2554 2121 2625 Hamilcare,

183 2648 421 2727 juratus
445 2644 651 2714 missus
677 2637 767 2704 est
792 2644 868 2702 ad
907 2651 1185 2713 senatum,
1213 2650 1300 2713 ut,
1325 2642 1432 2702 nisi
1469 2642 1677 2702 redditi
1706 2650 1905 2720 ⁸essent
1926 2644 2123 2704 Poenis
2199 2700 2205 2707 ,

189 2735 408 2814 captivi
433 2734 656 2794 nobiles
687 2733 940 2811 quidam,
979 2732 1191 2793 rediret
1227 2733 1353 2812 ipse
1386 2723 1818 2811 Karthaginem.
1900 2731 1961 2792 Is
1988 2755 2120 2796 cum
2140 2741 2185 2796 8
2224 2807 2229 2812 ,

188 2826 440 2885 Romam
464 2824 748 2892 venisset,x
766 2823 1024 2882 utilitatis
1062 2823 1313 2901 speciem
1351 2819 1598 2891 videbat,
1626 2823 1731 2882 sed
1757 2841 1900 2893 eam,
1927 2830 1996 2884 ut
2031 2844 2125 2885 res

188 2913 467 2981 declarat,
493 2911 698 2970 falsam
717 2911 1030 2992 judicavit:
1072 2931 1204 2991 quae
1223 2919 1349 2971 erat
1372 2911 1538 2971 talis:
1578 2931 1809 2973 manere
1834 2913 1893 2972 in
1918 2914 2120 2993 patria,

186 3021 318 3063 esse
346 3001 504 3061 domi
542 3020 664 3061 suae
696 3020 830 3060 cum
867 3020 1061 3071 uxore,
1090 3021 1223 3061 cum
1259 3002 1489 3069 liberis;
1529 3020 1704 3079 quam
1742 3002 2125 3063 calamitatem

187 3092 515 3170 accepisset
538 3091 597 3149 in
617 3089 790 3159 bello,
820 3081 1177 3152 communem
1201 3091 1448 3154 fortunae
1486 3091 1712 3151 bellicae
1749 3091 2121 3170 judicantem,

187 3190 390 3243 tenere
415 3179 744 3243 -consularis
786 3179 1075 3260 dignitatis
1114 3180 1378 3259 gradum.
1461 3179 1604 3249 Quis
1629 3180 1756 3238 haec
1794 3187 1969 3258 neget
1995 3197 2122 3239 esse

187 3271 356 3331 utilia
371 3271 400 3328 ‘2
462 3270 648 3339 Quem
677 3271 916 3328 censes?
963 3259 1313 3348 Magnitudo
1337 3268 1509 3327 animi
1532 3275 1594 3326 et
1628 3267 1905 3327 fortitudo
1930 3275 2123 3347 negat.

186 3360 444 3422 XXVII.
487 3358 645 3417 Num
670 3358 1068 3440 locupletiores
1095 3358 1303 3437 quaeris
1338 3358 1644 3432 auctores?
1725 3357 1955 3416 Harum*
1974 3357 2124 3422 enim

187 3457 281 3511 est
334 3449 609 3507 virtutum
665 3447 975 3526 proprium,
1016 3448 1153 3507 nihil
1206 3447 1591 3516 extimescere,
1641 3447 1828 3506 omnia
1878 3447 2126 3506 humana

187 3538 507 3618 despicere,
535 3537 692 3606 nihil,
722 3537 879 3616 quod
917 3536 1132 3597 homini
1172 3536 1430 3596 accidere
1462 3536 1661 3615 possit,
1701 3536 2124 3599 intolerandum

186 3635 417 3713 putare.
499 3627 706 3706 Itaque
752 3626 891 3706 quid
943 3626 1124 3688 fecit?
1206 3626 1277 3685 In
1329 3633 1592 3688 senatum
1643 3626 1817 3698 venit,
1856 3626 2126 3689 mandata
2151 3633 2188 3689 2
