2592 4142
270 208 349 269 18
1096 219 1174 260 nr.-
1215 217 1475 270 omens

370 350 602 420 tionem,
626 348 877 410 alterum
913 366 1033 428 per,
1056 348 1206 418 νίκης
1246 367 1497 426 cumque
1534 346 1676 407 illud
1702 346 1997 428 proprium
2024 348 2100 408 sit
2122 348 2315 410 homi-

372 441 477 511 nis,
517 442 629 500 hoc
669 440 1002 500 beluarum:
1060 439 1503 518 confugiendum
1543 445 1650 497 est,
1673 439 1776 497 ad<
1789 439 2090 517 posterius,
2129 441 2181 499 si
2218 441 2316 502 uti

307 538 344 592 3
372 551 488 591 non
523 530 659 591 licet
694 530 1004 609 superiore.
1084 530 1278 599 Quare
1320 526 1678 607 suscipienda
1704 528 1940 607 quidem
1980 529 2134 591 bella
2170 538 2313 590 sunt

372 622 450 681 ob
470 640 598 681 eam
625 638 873 689 causam,
901 626 969 678 ut
995 617 1113 678 sine
1138 619 1343 699 injuria
1368 619 1427 677 in
1452 618 1876 698 pace-vivatur:
1919 626 2086 697 parta
2111 627 2311 680 autem

371 710 621 781 victoria,
651 708 1021 770 conservandi
1058 709 1114 779 ii,
1154 708 1256 787 qui
1293 727 1408 767 non
1448 708 1710 768 crudeles
1748 708 1807 767 in
1844 708 2014 779 bello,
2049 728 2162 769 non
2197 711 2307 770 im·
2357 742 2366 745 Α

304 805 345 860 4
371 819 567 861 manes
620 800 869 859 fuerunt.
949 799 1037 858 Ut
1085 798 1332 878 majores
1398 798 1577 857 nostri
1641 798 2013 873 Tusculanos,
2057 800 2304 878 AEquos‚

371 891 633 959 Volscos,
675 889 930 971 Sabinos,
973 889 1252 957 Hernicos
1290 888 1350 948 in
1369 888 1673 951 -civitatem
1713 888 1887 948 etiam
1925 876 2305 969 acceperunt}

305 989 343 1042 5
371 987 434 1040 at
461 979 865 1062 Carthaginem
890 985 954 1038 et
979 979 1350 1038 Numantiam
1366 978 1627 1039 funditus
1655 978 2025 1039 sustulerunt.
2073 980 2309 1041 Nollem

371 1070 740 1130 Corinthum:
782 1069 888 1128 sed
927 1069 1099 1129 credo
1137 1068 1356 1146 aliquid
1396 1076 1641 1137 secutos,
1670 1070 2157 1148 opportunitatem
2194 1071 2314 1133 loci

369 1160 634 1229 maxime,
674 1179 746 1219 ne
800 1166 998 1238 posset
1037 1159 1343 1236 aliquando
1383 1158 1459 1217 ad
1488 1159 1730 1241 ¹bellum
1753 1159 2102 1219 faciendum
2125 1160 2308 1226 locus

305 1257 342 1310 6
368 1250 492 1330 ipse
518 1249 825 1309 adhortari.
906 1249 1043 1307 Mea
1064 1248 1300 1326 quidem
1324 1248 1620 1318 sententia,
1643 1249 1803 1332 paci„
1820 1268 1952 1328 quse
1981 1251 2121 1310 nihil
2145 1250 2307 1310 habi-

368 1348 501 1400 tura
546 1339 622 1398 sit
665 1338 1012 1408 insidiarum,
1056 1355 1285 1416 semper
1334 1340 1425 1397 est
1470 1338 1899 1419 consulendum.
1980 1340 2052 1399 In
2097 1359 2212 1420 quo
2255 1339 2311 1400 si

368 1429 509 1489 mihi
548 1434 702 1488 esset
736 1429 1215 1505 obtemperatum,
1243 1427 1293 1487 si
1333 1444 1447 1487 n'on
1474 1430 1768 1508 optimam,
1798 1436 1860 1488 at
1897 1430 2147 1509 aliquam
2182 1448 2308 1491 rem

305 1519 342 1582 ’1
372 1518 677 1601 publicam,
698 1537 832 1597 quae
859 1536 1011 1576 nunc
1036 1517 1196 1577 nulla
1223 1525 1334 1587 est,
1357 1516 1720 1579 haberemus.
1800 1520 1882 1579 Et
1905 1538 2037 1579 cum
2056 1520 2140 1590 iis,
2161 1539 2310 1599 quos

369 1608 428 1668 vi
454 1607 745 1681 deviceris,
775 1607 1188 1671 consulendum
1227 1614 1352 1677 est;
1392 1615 1520 1668 tum
1544 1609 1601 1678 ii,
1628 1609 1744 1687 qui,
1774 1609 1945 1668 armis
1986 1610 2202 1689 positis,
2230 1610 2309 1671 ad

368 1698 781 1778 imperatorum
827 1698 1001 1757 fidem
1048 1683 1683 1778 confugient,(quamvis
1721 1706 1954 1760 murum
1995 1701 2140 1760 aries
2179 1719 2307 1780 per-

306 1797 344 1850 8
372 1788 628 1857 cusserit,
655 1787 978 1867 recipiendi.
1061 1789 1133 1849 In
1159 1808 1275 1867 quo
1286 1795 1605 1867 ’tantopere
1632 1789 1790 1868 apud
1829 1796 2053 1849 nostros
2087 1791 2311 1871 justitia

262 1928 269 1933 .
371 1879 527 1940 culta
566 1885 672 1948 est,
701 1885 769 1937 ut
808 1879 863 1947 ii,
892 1877 1004 1975 qui.
1020 1877 1276 1939 civitates
1321 1886 1425 1937 aut
1455 1877 1724 1937 nationes
1764 1872 2019 1939 devictas
2061 1878 2212 1941 bello
2247 1881 2311 1941 in

369 1970 546 2029 fidem
571 1969 938 2048 recepissent,
967 1987 1165 2028 earum
1192 1968 1418 2047 patroni
1444 1975 1636 2027 essent
1660 1987 1820 2029 more
1846 1971 2147 2048 majorum.

306 2067 343 2121 9
447 2060 542 2118 Ac
582 2059 720 2118 belli
764 2058 1004 2137 quidem
1042 2059 1281 2135 aequitas
1329 2058 1680 2137 sanctissime
1736 2057 1916 2118 fetiali
1955 2060 2155 2139 populi
2193 2061 2308 2120 Ro-

369 2149 524 2209 mani
556 2149 688 2227 jure
727 2146 1044 2225 perscripta
1082 2153 1187 2206 est.
1269 2147 1360 2210 Ex
1398 2167 1514 2227 quo
1553 2147 1795 2228 intelligi
1833 2156 2045 2227 potest,
2086 2150 2309 2210 nullum

371 2239 587 2298 bellum
625 2256 752 2305 esse
785 2237 1027 2316 justum,
1067 2236 1174 2294 nisi
1212 2238 1372 2314 quod
1411 2244 1513 2296 aut
1551 2239 1723 2298 rebus
1763 2239 2017 2318 repetitis
2057 2242 2309 2318 geratur,

269 2335 346 2390 10
372 2335 475 2388 aut
513 2326 917 2386 denunciatum
954 2333 1087 2385 ante
1127 2325 1202 2385 sit
1241 2333 1302 2386 et
1339 2327 1633 2387 indictum.
1714 2328 1973 2406 Popilius
2003 2329 2312 2408 imperator

370 2416 630 2478 tenebat*
646 2416 1011 2496 provinciam,
1040 2416 1099 2475 in
1125 2416 1291 2495 cujus
1328 2417 1585 2476 exercitu
1625 2416 1859 2477 Catonis
1898 2419 2048 2477 filius
2072 2420 2182 2479 tiro
2206 2419 2309 2478 mi-

372 2509 590 2569 litabat,
658 2507 810 2570 Cum
834 2513 1029 2566 autem
1054 2507 1278 2586 Popilio
1307 2507 1599 2572 videretur
1623 2520 1799 2566 unam
1825 2507 2110 2567 dimittere
2128 2509 2310 2589 legio-

372 2618 523 2668 nem,
554 2598 788 2657 Oatonis
815 2616 1044 2676 quoque
1070 2597 1266 2667 filium,
1295 2598 1396 2675 qui
1432 2597 1492 2655 in
1518 2596 1723 2656 eadem
1759 2598 1986 2676 legione
2011 2598 2309 2669 militabat,

271 2696 344 2751 11
374 2689 602 2749 dimisit.
684 2688 805 2747 Sed
834 2707 965 2746 cum
991 2707 1183 2747 amore
1224 2687 1525 2767 pugnandi
1550 2687 1609 2745 in
1633 2687 1891 2745 exercitu
1926 2689 2309 2758 remansisset,

376 2780 524 2838 Cato
550 2778 626 2837 ad
666 2777 955 2855 Popilium
994 2777 1236 2856 scripsit,
1265 2784 1351 2847 ut,
1380 2777 1429 2839 si
1443 2796 1587 2835 ‘eum
1625 2780 1921 2855 pateretur
1957 2777 2018 2835 in
2056 2779 2308 2853 egercitu

373 2886 684 2936 remanere,
725 2866 978 2926 secundo
1018 2886 1152 2925 eum
1191 2867 1409 2946 obliget
1446 2866 1660 2926 militiae
1710 2874 2098 2929 sacramento:
2156 2867 2308 2944 quia,

264 2984 275 2989 ’
376 2958 565 3037 priore
590 2956 815 3024 amisse,
839 2957 970 3035 jure
998 2976 1130 3015 cum
1147 2957 1410 3016 hostibus
1432 2975 1689 3036 pugnare
1716 2975 1831 3014 non
1856 2963 2099 3035 poterat.
2142 2956 2312 3016 Adeo

272 3055 347 3110 12
377 3067 603 3107 summa
641 3052 765 3106 erat
810 3046 1131 3109 observatio
1174 3046 1256 3105 in‘
1279 3046 1436 3106 bello
1478 3046 1779 3106 movenda.
1862 3045 2042 3105 Marci
2081 3044 2315 3123 quidem

377 3137 610 3197 Catonis
631 3136 781 3196 senis
806 3144 895 3195 est
910 3129 1157 3215 epistola
1182 3136 1259 3195 ad
1285 3136 1775 3205 Marcum-filium,
1793 3136 1851 3195 in
1867 3154 1994 3213 qua
2020 3135 2231 3213 scribit,
2253 3154 2313 3193 se

377 3228 623 3298 audisse,
652 3246 786 3289 eum
820 3227 1058 3286 missum
1081 3227 1302 3287 factum
1342 3245 1469 3289 esse
1495 3245 1532 3284 a
1568 3226 1800 3285 consule
1832 3223 1993 3305 [cum
2028 3225 2087 3285 in
2123 3225 2313 3284 Mace·
2407 3298 2411 3303 ἢ

377 3318 547 3378 donia
584 3318 737 3377 bello
774 3317 1007 3377 Persico
1045 3317 1210 3379 miles
1249 3314 1447 3397 esset]
1497 3328 1502 3331 ⁴
1528 3316 1728 3375 Monet
1765 3315 1957 3401 igitur,
1987 3321 2056 3374 ut
2095 3320 2311 3383 caveat,

328 3488 337 3498 .
378 3425 453 3466 ne
480 3407 750 3487 proelium
786 3407 955 3467 ineat.
1038 3407 1236 3488 Negat
1261 3407 1413 3468 enim
1423 3408 1426 3409 ⁷
1430 3407 1532 3487 jus
1570 3424 1718 3478 esse,
1743 3405 1845 3486 qui
1880 3404 2045 3466 miles
2082 3422 2199 3466 non
2223 3403 2316 3476 sit,

378 3514 516 3558 cum
540 3496 711 3558 hoste
734 3512 1023 3578 pugnares
1285 3521 1295 3531 ’
1573 3494 1583 3505 “
1925 3496 1936 3507 ’
