2592 4142
325 303 442 368 102
1152 313 1230 353 nn
1272 312 1530 354 omens

422 446 504 505 ita
529 444 603 503 de
638 441 884 504 utffitate
909 443 1132 512 dicim,
1160 427 1229 501 'ut
1265 442 1344 511 id,
1373 441 1530 521 quod
1553 441 1697 501 utne
1720 441 2000 513 videatur,
2024 455 2143 503 non
2183 444 2347 506 modo

423 537 611 594 facere
636 536 939 593 honestum
965 533 1057 601 sit,
1087 532 1193 592 sed
1216 533 1411 601 etiam,
1439 552 1554 591 non
1578 533 1784 611 facere,
1813 540 2002 611 turpe.
2032 559 2043 566 ·
2091 535 2241 594 Haee
2265 543 2349 594 est

422 626 537 694 illa,
566 619 699 703 qtiae
726 625 953 684 videtur
989 623 1217 682 utilium
1251 623 1377 681 fieri
1417 642 1549 681 cum
1574 623 1826 681 honestis
1873 641 2030 702 saepe
2059 624 2344 686 dissensio.

320 720 396 775 10
425 717 568 786 Quae
594 713 959 794 dijudicanda
984 720 1135 782 sunt.
1219 714 1356 771 Non
1398 713 1568 780 enim,
1613 720 1682 771 ut
1721 732 2133 790 quaereremus,
2175 735 2345 794 expo-

321 809 391 865 11
423 806 654 874 suimus,
697 804 801 863 sed
835 810 903 862 ut
945 803 1373 881 explicaremus.
1406 811 1413 816 “
1455 803 1591 862 Νοιι
1628 802 1806 883 igitur
1834 803 2062 868 videtur
2087 823 2197 862 nee
2236 807 2346 863 fru-

421 894 730 970 mentarins
772 894 867 953 ille
894 892 1172 961 Rhodios,
1194 897 1306 951 'nec
1347 892 1440 958 hic
1486 890 1696 951 aediu'm
1719 892 1984 952 venditor
2010 893 2196 952 celare
2240 914 2347 954 em·

421 991 617 1064 ptores
633 984 913 1043 debuisse.
955 982 1161 1085 Neque
1180 982 1332 1041 enim
1357 981 1417 1040 id
1438 989 1530 1041 est
1551 982 1768 1051 celare,
1783 982 2052 1061 quiequid
2078 984 2347 1046 reticeas:

420 1074 540 1144 sed
552 1094 702 1143 cum,
731 1073 888 1152 quod
926 1078 995 1131 tu
1034 1073 1195 1140 scias,
1225 1072 1284 1130 id
1316 1073 1587 1174 ignorare
1633 1073 2008 1148 emolumenti
2052 1074 2141 1131 tui
2180 1088 2353 1133 causa

319 1169 394 1224 12
420 1164 559 1223 velis
585 1182 701 1233 eos,
724 1181 972 1242 quorum
991 1162 1211 1221 intersit
1231 1160 1295 1221 id
1321 1162 1482 1221 scire.
1552 1162 1682 1221 Hoc
1708 1168 1903 1220 autem
1930 1145 2154 1221 celandi
2173 1183 2354 1242 genus

420 1254 589 1332 quale
614 1255 704 1322 sit,
735 1259 795 1313 et
820 1253 985 1332 cujus
1010 1251 1270 1320 hominis,
1292 1252 1419 1340 quis
1445 1271 1561 1311 non
1577 1252 1769 1312 videt.
1748 1252 1776 1293 9
1820 1253 1995 1311 Certe
2011 1272 2130 1311 non
2149 1255 2352 1332 aperti,

419 1363 535 1402 non
560 1342 845 1421 simpliois,
873 1361 989 1401 non
1025 1341 1274 1420 ingenui,
1302 1357 1417 1399 non
1452 1342 1612 1420 justi,
1640 1361 1757 1401 non
1782 1342 1886 1401 viri
1926 1343 2097 1403 boni.
2141 1345 2356 1406 versuti

419 1432 631 1511 potius,
669 1415 914 1500 obscuri,
943 1431 1138 1499 astuti,
1179 1430 1416 1500 fallacis,
1455 1431 1735 1500 malitiosi,
1763 1430 1967 1502 callidi,
1993 1435 2353 1504 veteratoris,

418 1522 578 1580 vafri.
653 1521 805 1584 Haec
844 1523 952 1589 tot,
995 1527 1056 1580 et
1094 1520 1205 1584 alia
1243 1520 1430 1599 plura,
1474 1527 1660 1586 nonne
1699 1522 1897 1638 inutile
1946 1529 2039 1582 est
2084 1524 2357 1584 vitiorum
2404 1602 2418 1609 ·

420 1610 610 1671 subire
634 1611 906 1670 nomina.
884 1610 913 1651 9
1007 1672 1012 1678 ,
1658 1645 1667 1656 ·

499 1790 665 1850 XIV.
709 1790 927 1862 Quodsi
945 1791 1321 1871 vituperandi,
1337 1791 1435 1871 qui
1449 1792 1812 1861 retieuerunt,
1827 1783 1964 1870 quid
1985 1791 2060 1850 de
2077 1790 2145 1850 iis
2166 1751 2356 1854 existi·-

419 1882 697 1942 mandum
733 1889 838 1951 est,
877 1883 977 1960 qui
1018 1882 1412 1942 orationis
1452 1882 1880 1944 vanitatem
1925 1881 2355 1942 adhibuerunt?

309 1993 318 2002 ·
355 1976 392 2030 2
423 1971 490 2031 Ο.
526 1971 754 2041 Canius,
782 1991 957 2051 eques
986 1972 1298 2043 Romanus,
1326 1991 1431 2033 nec
1456 1971 1750 2041 infacetus,
1779 1978 1840 2030 et
1871 1971 2007 2030 satis
2049 1971 2356 2042 litteratus,

420 2043 554 2120 cum
580 2079 642 2119 se
671 2061 986 2139 Syracusas
1013 2059 1249 2130 otiandi,
1270 2068 1339 2120 ut
1376 2062 1500 2140 ipse
1539 2061 1727 2120 dicere
1766 2045 2005 2129 solebat,
2034 2080 2153 2122 non
2178 2080 2357 2141 nego-

419 2150 598 2209 tiandi
624 2168 812 2218 causa,
831 2150 1179 2221 contulisset,
1202 2151 1515 2219 dictitabat,
1537 2169 1601 2209 se
1627 2150 1894 2220 hortulos
1919 2151 2138 2228 aliquos
2165 2170 2358 2210 emere

419 2238 582 2307 velle,
611 2256 728 2316 quo
765 2239 1016 2298 invitare
1046 2241 1276 2310 amicos,
1302 2247 1368 2299 et
1392 2240 1494 2300 ubi
1519 2259 1582 2299 se
1608 2240 1894 2299 oblectare
1916 2240 2041 2300 sine
2078 2241 2348 2320 interpel-

352 2333 391 2387 3
418 2326 692 2386 latoribus
729 2335 942 2405 posset.
1023 2329 1194 2399 Quod
1220 2349 1354 2389 cum
1381 2330 1841 2409 percrebruisset,
1869 2329 2121 2407 Pythius
2148 2331 2203 2389 ei
2229 2330 2356 2408 qui-

419 2416 572 2485 dam,
597 2416 699 2500 qui
734 2417 1113 2497 argentariam
1148 2419 1377 2478 faceret‘
1408 2420 1722 2498 Syracusis,
1750 2418 1978 2478 venales
2017 2418 2251 2497 quidem
2278 2439 2357 2479 ase

418 2507 618 2566 hortos
642 2526 757 2566 non
781 2508 1011 2578 habere,
1041 2508 1147 2586 sed
1182 2508 1354 2569 licere
1379 2510 1470 2571 uti
1494 2509 1689 2578 Came,
1717 2509 1769 2567 si
1792 2502 1981 2577 vellet,
2011 2514 2079 2566 ιιι
2103 2509 2257 2568 suis:
2298 2516 2360 2569 et

418 2597 589 2658 simul
623 2598 706 2658 ad
747 2617 971 2659 coenam
1009 2599 1298 2658 hominem
1315 2591 1324 2597 “
1339 2600 1398 2658 ιιι
1438 2599 1637 2658 hortos
1662 2598 1920 2657 invitavit
1954 2598 2014 2656 in
2053 2604 2359 2676 posterum

352 2691 393 2746 4
420 2688 589 2747 diem.
672 2688 823 2748 Cum
860 2690 956 2750 ille
996 2689 1364 2767 promisisset,
1392 2696 1518 2748 tum
1544 2688 1807 2766 Pythius,
1837 2677 1967 2774 qui
1970 2693 2139 2756 esset,
2170 2694 2240 2746 ut
2267 2707 2358 2747 ar-

418 2778 727 2855 gentarius,
755 2778 913 2855 apud
955 2797 1151 2837 omnes
1200 2774 1427 2837 ordines
1471 2778 1781 2857 gratiosus,
1823 2778 2134 2856 piscatores
2174 2777 2254 2836 ad
2290 2796 2361 2838 se

420 2866 768 2934 convocavit,
798 2872 859 2923 et
885 2867 962 2925 ab
985 2867 1076 2925 his
1103 2868 1321 2945 petivit,
1349 2875 1418 2926 ιιι
1443 2874 1576 2925 ante
1603 2886 1736 2926 suos
1770 2867 2038 2925 hortulos
2075 2866 2361 2944 postridie

355 2963 392 3016 5
420 2955 805 3035 piscarentur·
848 2955 1121 3032 dixitque,
1159 2956 1299 3034 quid
1341 2976 1441 3015 eos
1478 2957 1668 3015 facere
1709 2956 1929 3016 vellet.
1980 2956 2117 3015 Ad
2118 2964 2363 3016 coenam

419 3053 678 3123 tempore
703 3044 858 3103 venit
885 3044 1127 3104 Canius·
1113 3089 1127 3104 .
1170 3046 1406 3125 opipare
1446 3065 1485 3104 a
1520 3037 1737 3124 Pythio
1778 3035 2121 3125 apparatum
2163 3046 2355 3105 convi-

419 3134 605 3196 vium:
634 3135 967 3213 cymbarmn
982 3141 1114 3193 ante
1131 3135 1328 3195 oculos
1342 3135 1653 3195 multitudo
1671 3154 1684 3194 ε
1713 3155 1821 3213 pro
1838 3154 1905 3195 se
1917 3135 2175 3213 quisque,
2195 3134 2365 3213 quod

377 3245 384 3250 ·
420 3231 669 3304 ceperat,
713 3224 1022 3285 afferebat:
1064 3232 1198 3285 ante
1237 3224 1417 3303 pedes
1452 3224 1652 3304 Pythii
1691 3221 1877 3304 pisces
1917 3224 2362 3304 abjiciebantur.

281 3336 288 3343 ’
355 3322 391 3375 6
419 3311 565 3375 Tum
594 3315 818 3384 Gavius,
850 3316 1074 3392 Quaeso,
1102 3316 1302 3393 inquit,
1332 3314 1470 3393 quid
1497 3322 1588 3374 est
1625 3315 1753 3383 hoc,
1781 3314 1962 3392 Pythi
1977 3315 2006 3372 9
2047 3320 2365 3372 tantumne

377 3438 385 3445 ·
419 3406 675 3488 piscium,
689 3412 985 3474 tantumne
1001 3406 1336 3484 cymbarum
1352 3406 1380 3463 9
1435 3404 1512 3462 Ει
1529 3404 1640 3472 ille,
1661 3403 1811 3474 Quid
1828 3404 2035 3461 mirum
2051 3404 2079 3461 9
2132 3402 2332 3481 inquit
2346 3422 2366 3472 ;

419 3497 531 3555 hoo
571 3498 700 3556 loco
742 3503 847 3565 est,
876 3491 1174 3573 Syracusis
1202 3493 1473 3572 quicquid
1514 3500 1604 3552 est
1645 3493 1918 3571 piscium:
1962 3493 2055 3551 hic
2084 3493 2364 3570 aquatio:

420 3581 531 3642 hac
546 3586 679 3644 villa
701 3586 793 3643 isti
803 3602 1146 3643 carerenon
1171 3590 1427 3660 possunt.
1507 3585 1782 3642 Incensus
1803 3582 2014 3640 Canius
2035 3581 2368 3658 eupiditate

359 3671 397 3734 ’1
425 3674 715 3750 eontendit
737 3693 775 3731 a
798 3671 1030 3752 Pythio,
1058 3679 1127 3732 ιιι
1150 3673 1439 3733 venderet.
1525 3673 1778 3734 Gravate
1802 3672 1898 3732 ille
1923 3671 2128 3751 primo,
2200 3670 2370 3743 Quid
