2592 4142
754 293 771 311 ’
886 285 1060 353 amna
1097 313 1186 354 111.
1259 311 1404 354 on».
1446 293 1577 353 x’111.
2139 293 2256 356 101

221 435 622 522 Respondebit
661 442 948 522 Diogenes
985 443 1230 502 fortasse
1270 441 1384 500 sic:
1427 440 1607 500 Aliud
1628 441 1726 502 est
1767 441 1973 510 celare,
2000 441 2160 506 aliud
2187 450 2223 503 8

220 541 451 602 tacere;
492 552 679 611 neque
706 551 819 611 ego
844 552 995 591 nune
1018 539 1075 590 te
1103 532 1243 599 cele,
1271 532 1339 590 si
1347 501 1451 590 tibi
1476 551 1590 590 non
1618 532 1763 600 dice,
1793 551 1927 610 quae
1951 539 2160 591 natura

221 624 464 682 deorum
489 622 581 691 sit,
612 622 738 714 qui·
737 621 812 680 sit
850 622 975 679 finis
1018 622 1314 690 bonorum,
1343 637 1475 699 quae
1504 622 1618 684 tibi
1660 622 1792 700 plus
1820 622 2160 700 prodessent

220 714 470 791 cognita,
500 731 676 790 quam
716 699 887 770 tritici
912 712 1113 770 vilitas
1197 712 1316 770 Sed
1342 731 1474 780 non,
1517 712 1789 790 quicquid
1815 712 1921 771 tibi
1960 712 2158 772 audire

217 804 361 862 utile
408 809 515 871 est,
555 802 616 859 id
656 801 796 860 mihi
835 802 1023 861 dicere
1062 819 1296 860 necesse
1336 807 1441 860 est.
1523 803 1710 861 Immo
1750 811 1902 872 vere,
1942 802 2158 881 inquiet
2185 810 2221 863 9

215 894 334 961 ille,
363 910 595 954 necesse
622 898 727 961 est,
758 892 807 950 si
832 891 1065 969 quidem
1092 891 1408 958 meministi,
1439 909 1574 950 essev
1589 892 1733 954 inter
1760 892 2017 951 homines
2055 911 2154 950 na·
2208 902 2212 906 ⁴

216 990 353 1041 tura
378 982 742 1060 conjunctam
767 981 1117 1041 societatem.
1200 981 1452 1050 Memini,
1472 981 1688 1059 inquiet
1712 982 1842 1041 ille:
1886 982 1990 1042 sed
2015 993 2155 1042 num
2185 987 2262 1042 10

215 1073 330 1131 ista
355 1073 597 1130 societas
624 1072 752 1130 talis
780 1078 886 1140 est,
917 1079 984 1130 ut
1009 1069 1150 1129 nihil
1175 1091 1346 1130 suum
1387 1071 1724 1150 cujusquam
1764 1072 1884 1130 sit-‘2
1924 1065 2083 1149 quod
2108 1072 2157 1131 si

215 1162 301 1220 ita
325 1169 432 1230 est,
460 1181 533 1220 ne
558 1162 925 1221 vendendum
951 1160 1182 1239 quidem
1206 1155 1513 1239 quicquam
1540 1168 1646 1229 est,
1676 1161 1779 1219 sed
1806 1160 2153 1221 donandum.

215 1245 390 1310 XIII.
434 1252 615 1310 Vides
639 1252 700 1310 in
719 1253 837 1328 hac
862 1259 987 1310 tota
1022 1252 1433 1330 disceptatione
1470 1270 1585 1309 non
1622 1250 1765 1309 illud
1794 1251 1924 1320 dici,
1938 1261 2154 1328 'quam-

214 1342 304 1399 vis
323 1342 442 1400 -hoc
484 1348 662 1420 turpe,
694 1342 796 1411 sit,
812 1346 1024 1411 tamen,
1053 1342 1320 1420 quoniam
1359 1341 1608 1420 expedit,
1650 1341 1889 1410 faciam;
1930 1340 2035 1402 sed
2050 1346 2057 1350 ’
2073 1339 2155 1399 ita

215 1431 507 1509 expedire,
536 1439 604 1491 ut
640 1438 814 1509 turpe
860 1451 975 1491 non
1021 1432 1129 1490 sit:
1173 1448 1262 1490 ex‘
1280 1432 1461 1491 altera
1503 1438 1699 1494 autem
1739 1437 1922 1510 parte,
1963 1450 2033 1494 ea
2070 1450 2151 1500 re,

214 1522 354 1599 quia
373 1528 554 1599 turpe
575 1522 665 1590 sit,
693 1541 808 1580 ιιοιι
834 1513 961 1580 esse
987 1522 1324 1582 faciendum.
1406 1521 1639 1601 Vendat
1675 1522 1829 1582 aedes
1855 1521 1943 1581 vir
1967 1522 2152 1580 bonus
2181 1527 2217 1580 2

215 1617 458 1692 propter
484 1611 673 1689 aliqua
708 1611 862 1680 vitia,
892 1630 1022 1688 quae
1050 1612 1173 1689 ipse
1214 1611 1380 1680 norit,
1422 1612 1596 1670 ceteri
1634 1612 1934 1689 ignorent;
1978 1612 2152 1689 pesti-

214 1695 404 1758 lentes
431 1700 557 1769 sint,
587 1699 651 1758 et
672 1700 992 1764 habeantur
1017 1702 1308 1770 salubres,
1293 1720 1307 1734 ·
1338 1701 1658 1779 ignoretur,
1679 1702 1737 1758 in
1764 1701 2025 1759 omnibus
2052 1721 2152 1760 cu-

214 1790 422 1848 biculis
455 1808 743 1868 ,apparere
781 1796 1118 1867 serpentes}
1158 1790 1309 1849 male
1347 1790 1667 1850 materiatae
1713 1790 1842 1859 sint,
1883 1791 2148 1859 ruinosae,

211 1879 321 1938 ‘sed
347 1879 480 1947 hoc,
518 1885 731 1968 praeter-
755 1879 1067 1947 dominum,-
1092 1898 1259 1937 nemo
1301 1879 1478 1939 sciat:
1521 1897 1734 1962 quaerO,
1763 1879 1813 1937 si
1835 1879 1964 1938 haec
1990 1897 2147 1958 emp·
2178 1886 2214 1939 3

212 1969 437 2028 toribus
453 1957 726 2027 venditor
746 1988 860 2027 ιιοιι
888 1968 1108 2037 dixerit,
1130 1968 1401 2045 aedesque
1417 1955 1733 2028 vendiderit
1750 1968 1930 2046 pluris
1947 1965 2150 2037 multO,

213 2078 394 2136 quam
421 2078 485 2117 se
506 2058 878 2120 venditurum
915 2059 1145 2136 putarit,
1176 2076 1321 2118 num
1356 2056 1467 2138 [id]
1508 2057 1739 2136 injuste
1745 2064 1849 2116 aut
1884 2058 2151 2136 improbe

211 2148 436 2207 fecerit.
463 2185 468 2190 -
518 2149 628 2207 Ille
666 2166 820 2217 vero,
861 2148 1046 2226 inquit
1069 2147 1394 2226 Antipater.
1478 2148 1630 2218 Quid
1670 2154 1760 2206 est
1788 2147 1949 2210 enim
1975 2147 2147 2217 aliud,
2178 2151 2217 2206 4

213 2239 429 2298 erranti
469 2237 634 2296 viam
673 2256 788 2296 non
809 2248 816 2256 ·
838 2244 1172 2306 monstrare,
1215 2237 1372 2315 quod
1408 2236 1661 2298 Athenis
1704 2238 2153 2306 execrationibus

213 2327 466 2407 publicis
491 2327 754 2386 sanctum
792 2333 902 2396 est,
928 2327 978 2386 si
1016 2326 1126 2386 hoc
1165 2346 1281 2386 non
1320 2334 1426 2395 est,
1457 2334 1774 2407 emptorem
1800 2328 1922 2406 pati
1964 2346 2151 2397 ruere,

213 2424 277 2475 et
301 2435 409 2496 per
433 2436 688 2478 errorem,
707 2417 767 2476 in
790 2418 1093 2476 maximam
1111 2416 1372 2478 fiaudem
1384 2409 1678 2477 incurrere
1698 2418 1736 2476 ‘2‘
1792 2419 1949 2477 ⁴Plus
1964 2419 2148 2486 ,etiam
2176 2427 2214 2479 5

212 2514 324 2575 est,
355 2525 530 2584 quam
552 2507 704 2567 viam'
728 2526 845 2566 non
870 2512 1198 2566 monstrare.
1281 2501 1439 2564 Nam
1475 2511 1564 2566 est
1602 2507 1872 2565 scientem
1910 2506 1971 2564 in
1995 2524 2148 2565 erro·
2274 2577 2283 2590 ὗ

210 2615 342 2656 rem
385 2598 631 2656 alterum
673 2597 958 2656 inducere.
999 2633 1004 2640 ,
1041 2596 1330 2674 Diogenes
1364 2602 1611 2656 contra:
1654 2596 1817 2654 Num
1859 2601 1920 2652 te
1960 2613 2147 2655 emere
2176 2601 2212 2655 6

213 2686 424 2766 coegit,
454 2687 551 2764 qui
575 2706 646 2746 ne
672 2687 934 2746 hortatus
958 2686 1189 2764 quidem
1218 2690 1308 2743 est
1323 2685 1351 2743 ‘I
1394 2685 1519 2753 Ille,
1542 2684 1698 2764 quod
1716 2702 1833 2743 non
1854 2683 2144 2763 placebat,

212 2776 581 2855 proscripsit:
626 2783 707 2845 tu,
737 2775 893 2853 quod
919 2775 1203 2854 placebat,
1235 2773 1436 2834 emisti.
1518 2774 1738 2844 Quodsi
1763 2774 1862 2854 qui
1900 2776 2145 2853 proscri-
2175 2774 2210 2835 '7

213 2866 368 2926 bunt
391 2884 666 2924 vunnu
702 2882 957 2925 solun
997 2884 1338 2930 Βιιιιιασιι
1380 2873 1881 2938 ιιψιιιισιιτΑιι,
1908 2885 2024 2926 ιιοιι
2049 2886 2147 2928 ex-

211 2955 541 3015 istimantur
564 2955 848 3024 fefellisse,
890 2955 1113 3014 etiamsi
1143 2955 1241 3014 illa
1278 2974 1384 3015 nec
1424 2956 1575 3018 bona
1601 2962 1709 3025 est,
1736 2976 1842 3016 nec
1870 2957 2151 3017 edificata

212 3045 437 3103 ratione
457 3057 475 3112 ’ς
515 3045 697 3104 multo
721 3045 924 3114 minus,
946 3045 1048 3122 qui
1059 3046 1304 3107 'domum
1322 3066 1439 3105 non
1463 3047 1786 3107 laudarunt.
1842 3035 1968 3108 Ubi
1994 3047 2149 3106 enim

206 3134 508 3213 judicium·
525 3136 797 3213 emptoris
823 3141 929 3203 est,
965 3129 1045 3194 ibi
1069 3135 1226 3194 fraus
1251 3136 1559 3195 venditoris
1601 3154 1732 3213 quae
1757 3143 1950 3213 potest
1975 3154 2100 3194 esse
2114 3136 2146 3194 ‘2

213 3224 324 3283 Sin
350 3230 544 3288 autem
573 3223 790 3284 dictum
825 3239 942 3284 non
980 3244 1148 3284 omne
1174 3225 1570 3303 praestandum
1594 3231 1701 3293 est,
1730 3224 1890 3301 quod
1910 3223 2150 3290 ,dictum
2177 3231 2214 3284 8

211 3331 334 3372 non
360 3321 467 3382 est,
493 3314 554 3373 id
582 3316 970 3392 praestandum
987 3324 1161 3394 putas
1176 3317 1205 3374 ‘2
1262 3315 1415 3386 Quid
1432 3332 1572 3373 vero
1591 3320 1680 3374 est
1705 3305 1951 3381 stultius,
1973 3331 2150 3390 quam

212 3403 573 3463 venditorem
597 3404 724 3482 ejus
749 3405 849 3474 rei,
878 3406 1052 3482 quam
1079 3405 1308 3473 vendat,
1336 3402 1472 3463 vitia
1508 3421 1740 3462 narrare
1758 3403 1811 3467 2,
1840 3425 1849 3431 ³
1870 3401 2022 3473 Quid
2047 3421 2151 3461 au-

212 3500 339 3551 tem
364 3499 487 3551 tam
512 3494 845 3564 absurdum,
864 3514 1039 3572 quam
1054 3495 1103 3553 si
1128 3493 1342 3552 domini
1362 3494 1531 3573 jussu
1547 3492 1628 3552 ita
1644 3511 1835 3572 praeco
1854 3483 2150 3571 praedicet,

213 3601 484 3641 nonna
525 3578 1039 3643 Pizsmnuoem
1074 3602 1317 3643 vanno
1337 3584 1366 3642 ‘2
1434 3583 1530 3643 sio
1557 3602 1695 3662 ergo
1720 3583 1779 3642 in
1803 3582 2147 3661 quibusdam
2174 3586 2212 3643 9

169 3671 409 3733 causis
434 3673 623 3734 dubiis
668 3693 742 3733 ex
780 3674 962 3734 altera
999 3673 1165 3753 parte
1204 3669 1528 3734 defenditur
1551 3674 1839 3745 honestas,
1867 3692 1940 3735 ex
1964 3673 2205 3735 altera

1223 3760 1305 3824 9*
1502 3777 1505 3782 “
