2592 4142
972 235 1146 275 mmm
1170 237 1212 276 1.
1296 235 1431 276 eAP.
1458 237 1596 276 xxx.
1945 272 1948 277 .
2229 222 2308 276 39

261 371 408 422 eeat.
493 363 729 441 Duplex
769 364 994 422 omnino
1033 371 1123 423 est
1160 365 1393 445 jocandi
1417 383 1648 443 genus:
1691 384 1870 423 unum
1911 363 2200 433 illiberale,
2231 370 2305 424 10
2337 374 2342 381 “

260 453 546 530 petulans,
576 454 937 532 flagitiosum,
967 455 1335 522 obscoenum3
1364 455 1605 512 alterum
1631 455 1882 535 elegam,
1899 456 2199 522 urbanum,

259 542 629 621 ingeniosum,
660 544 926 601 facetum.
1011 545 1138 612 Quo
1164 563 1371 621 genere
1393 564 1512 602 ¹non
1538 545 1709 602 modo
1736 544 1978 602 Plautus
2006 550 2198 605 noster
2229 548 2298 602 11

259 639 320 689 et
366 634 699 690 Atticorum
745 633 978 709 antiqua
1027 634 1325 701 comoedia,
1369 633 1471 691 sed
1513 633 1683 691 etiam
1726 632 2197 712 philosophorum

259 720 681 785 Socraticormn
722 721 847 780 libri
888 721 1080 780 referti
1119 730 1292 790 sunt;
1335 723 1629 799 multaque
1668 723 1978 783 multorum
2013 723 2198 781 facete

258 808 446 878 dieta;
488 817 558 867 ut
596 829 681 878 ea,
711 830 840 888 quae
871 829 907 871 a
937 829 1072 869 sene
1115 812 1333 869 Catone
1373 812 1612 870 collecta
1650 819 1810 881 sunt,
1832 831 1962 890 quae
1992 818 2198 869 vocant

257 901 692 978 &molientum
774 899 995 967 Facilis¹
1015 900 1191 979 igitur
1226 908 1316 959 est
1353 900 1641 969 distinctio
1672 901 1899 979 ingenui
1934 908 1994 959 et
2015 902 2193 965 illibe-
2227 906 2298 958 12

256 990 389 1046 ralis
432 988 565 1066 joci.
686 986 858 1047 Alter
909 994 1037 1058 est,⁴
1086 987 1135 1046 si
1185 994 1444 1069 tempore
1511 988 1597 1058 fit,
1662 988 1894 1049 remisso
1966 989 2193 1049 homine

255 1078 463 1156 dignus
486 1097 501 1146 ;
542 1077 688 1137 alter
712 1095 785 1135 ne
811 1078 988 1137 libero
1015 1077 1262 1155 quidem,
1292 1079 1340 1134 si
1367 1096 1556 1137 rerum
1585 1074 1920 1155 turpitudini
1955 1069 2193 1141 'adhibe-
2249 1130 2256 1136 ,

253 1174 350 1225 tur
369 1169 673 1226 verborum
694 1167 1056 1226 obscoenitas,
1137 1167 1403 1225 Ludendi
1431 1167 1600 1224 etiam
1621 1174 1712 1226 est
1729 1166 1964 1244 quidam
1989 1166 2194 1226 modus
2225 1172 2297 1225 13

251 1257 581 1317 retinendus
606 1275 620 1315 ε
642 1262 729 1323 ,ιιι
775 1275 848 1314 ne
894 1256 1057 1314 nimis
1102 1256 1288 1315 omnia
1333 1256 1764 1334 profimdamus,
1813 1255 2059 1334 elatique
2096 1275 2194 1315 vo-

249 1342 478 1424 luptate
522 1347 581 1405 in
627 1346 877 1423 aliquam
916 1345 1330 1427 turpitudinem
1369 1346 1720 1405 delabamur.
1804 1345 2193 1424 Suppeditant
2223 1350 2297 1405 14

251 1445 451 1494 autem
476 1440 536 1496 e't
562 1455 802 1514 campus
838 1442 1030 1495 noster
1057 1441 1118 1493 et
1155 1435 1348 1494 studia
1375 1435 1615 1494 venandi
1653 1436 1893 1495 honesta
1931 1436 2195 1515 exempla

249 1525 507 1586 ludendi.

328 1705 514 1764 XXX.
558 1704 678 1765 Sed
707 1724 781 1784 pe
976 1703 1054 1851 Ξ
1349 1703 1514 1763 officii
1552 1703 1937 1781 quaestionem,
1965 1723 2191 1783 semper

247 1794 309 1852 in
335 1801 611 1873 promptu
637 1796 865 1863 habere,
782 1704 979 1876 mn}
1047 1722 1416 1857 &Qum
1453 1792 1696 1873 hominis
1722 1793 2037 1894 pecudibus
2061 1794 2188 1852 reli-

249 1884 492 1962 quisque
512 1878 692 1943 beluis
719 1883 1038 1943 antecedat.
1110 1882 1236 1941 111ae
1257 1882 1397 1939 nihil
1423 1882 1672 1941 sentiunt
1693 1881 1800 1939 nisi
1815 1881 2187 1959 voluptatem,
2217 1888 2253 1941 2

248 1974 328 2032 ad
354 1992 617 2051 eamque
632 1974 893 2031 feruntur
933 1971 1087 2031 omni
1124 1971 1380 2049 impetu:
1420 1970 1659 2037 hominis
1700 1977 1894 2029 autem
1919 1989 2078 2028 mens
2105 1970 2188 2029 di-

249 2063 468 2121 scendo
506 2063 674 2121 alitur
701 2068 760 2121 et
799 2061 1122 2140 cogitand0,
1150 2079 1378 2138 semper
1415 2059 1625 2137 aliquid
1667 2066 1767 2118 aut
1806 2058 2048 2136 anquirit
2088 2067 2190 2121 aut

247 2152 390 2231 agit,
412 2152 751 2230 videndique
771 2158 831 2210 et
850 2150 1118 2209 audiendi
1143 2149 1520 2209 delectatione
1546 2148 1788 2208 ducitur.
1854 2148 2003 2218 Quin
2018 2148 2189 2207 etiam
2215 2155 2251 2207 3

248 2241 299 2300 si
322 2242 453 2319 quis
479 2249 570 2300 est
609 2242 782 2320 paulo
821 2239 899 2298 ad
927 2239 1251 2318 voluptates
1291 2238 1641 2317 propensior,
1669 2238 1844 2298 modo
1883 2257 1957 2296 ne
1995 2238 2071 2296 sit
2115 2258 2189 2297 ex

247 2332 540 2410 pecudum
585 2350 792 2412 genere
841 2328 1001 2410 (sunt
1048 2329 1197 2387 enim
1228 2329 1469 2406 'quidam
1516 2327 1770 2389 homines
1809 2346 1923 2386 non
1961 2347 2041 2396 re,
2081 2328 2186 2387 sed

245 2419 520 2500 nomine,)
562 2421 665 2480 sed
704 2421 752 2479 si
789 2420 918 2498 quis
956 2426 1048 2477 est
1085 2418 1258 2497 paulo
1300 2417 1553 2486 erectior,
1594 2417 1851 2494 quamvis
1891 2417 2186 2494 voluptate

248 2510 524 2588 capiatur,
546 2511 797 2571 occultat
824 2515 884 2568 et
910 2507 1229 2567 dissimulat
1255 2507 1576 2584 appetitum
1595 2505 1921 2584 voluptatiS,
1949 2512 2187 2583 propter

212 2643 227 2655 .
248 2600 666 2658 verecundiam.
746 2599 837 2657 Ex
871 2618 987 2677 quo
1025 2597 1372 2675 intelligitur,
1404 2592 1654 2673 corporis
1680 2588 2032 2672 voluptatem
2071 2612 2189 2652 non
2212 2598 2250 2652 4

248 2689 389 2747 satis
432 2708 557 2747 esse
600 2688 833 2767 dignam
871 2686 1111 2748 hominis
1151 2684 1498 2764 praestantia,
1527 2702 1767 2761 eamque
1807 2683 2087 2742 contemni
2126 2689 2187 2741 et

245 2778 407 2856 rejici
431 2784 728 2857 oportere:
758 2778 846 2836 sin
870 2778 945 2835 sit
969 2776 1266 2855 quispiam,
1289 2773 1388 2851 qui
1414 2770 1625 2850 aliquid
1652 2772 1866 2831 tribuat
1886 2772 2184 2850 voluptati,

246 2866 551 2946 diligenter
577 2867 631 2925 ei
660 2867 971 2926 tenendum
1010 2884 1134 2924 esse
1173 2865 1301 2943 ejus
1341 2862 1598 2922 fruendae
1643 2862 1897 2922 modum.
1945 2894 1950 2895 ν
1978 2863 2183 2940 Itaque
2211 2870 2248 2923 5

248 2958 436 3016 victus
463 2957 763 3037 cultusque
799 2955 1050 3033 corporis
1079 2954 1166 3020 ,ad
1192 2952 1573 3013 valetudinem
1612 2952 1889 3013 referatur
1915 2958 1974 3017 et
2001 2950 2077 3010 ad
2104 2952 2184 3010 vi-

249 3067 358 3115 res,
394 3065 510 3105 non
547 3046 624 3105 ad
664 3046 1035 3124 voluptatem.
1114 3042 1313 3121 Atque
1350 3043 1521 3101 etiam
1560 3041 1608 3100 si
1646 3041 1999 3101 considerare
2024 3041 2182 3099 volu·
2211 3045 2247 3099 6

245 3155 396 3204 mue,
425 3154 557 3214 quae
596 3135 670 3194 sit
705 3135 764 3193 in
803 3141 1007 3193 natura
1045 3132 1287 3194 hominis
1338 3131 1671 3190 excellentia
1710 3141 1769 3188 et
1809 3129 2073 3207 dignitas,
2100 3128 2182 3187 in-

245 3225 592 3303 telligemus,
619 3243 793 3303 quam
832 3222 905 3282 sit
942 3230 1111 3300 turpe
1151 3222 1408 3280 diffluere
1447 3218 1684 3288 luxuria,
1725 3224 1786 3277 et
1831 3217 2069 3276 delicate
2115 3235 2184 3276 ac

245 3314 496 3374 molliter
521 3314 745 3373 vivere:
788 3331 1072 3392 quamque
1110 3312 1415 3373 honestum
1455 3325 1645 3387 parce,
1685 3306 2053 3376 continenter,
2093 3325 2182 3366 εθὸ

246 3420 399 3472 vere,
430 3403 632 3463 sobrie.

329 3581 776 3662 Intelligendum
814 3581 988 3641 etiam
1024 3586 1134 3650 est,
1161 3577 1389 3640 duabus
1415 3576 1576 3658 quasi
1601 3594 1706 3637 nos
1729 3593 1769 3634 a
1792 3580 1995 3635 natura
2017 3574 2181 3637 indu·
2210 3574 2248 3637 '1
