2592 4142
270 243 349 306 ’18
491 289 496 298 .
1094 260 1174 302 ns·
1201 258 1458 303 omens

372 390 536 453 licis
517 391 895 471 imperavisse,
921 395 989 449 ut
1013 390 1203 449 omnia
1240 390 1649 468 praeberentur,
1674 389 1995 470 quicunque
2021 390 2306 452 Laciades

371 480 431 541 in
453 480 645 542 villam
670 500 833 540 suam
860 480 1212 579 devertisset

451 661 610 720 XIX.
653 660 798 731 Quae
826 666 1020 719 autem
1048 677 1239 738 opera,
1265 678 1383 719 non
1419 629 1732 762 largitione,
1760 658 2033 718 beneficia
2068 659 2304 730 dantur,

371 751 500 811 haec
513 751 672 820 tum
653 770 715 838 ιιι
727 750 1048 814 universam
1060 768 1182 808 rem
1196 750 1504 827 publicam,
1525 749 1676 807 tum
1662 768 1719 807 ιιι
1730 749 1985 828 singulos
2001 748 2152 809 cives
2170 769 2308 808 con·
2370 751 2379 756 ’

309 846 345 900 2
365 841 648 903 ‚feruntma
690 840 877 898 Nam
862 858 920 898 m
934 840 1064 917 jure
1083 857 1304 909 cavere,
1323 839 1781 917 consiliojuvare,
1800 846 1974 916 atque
1992 838 2104 898 hoc
2120 840 2309 898 scien-

373 932 468 993 tiae
510 948 724 1009 genere
760 929 1033 1009 prodesse
1071 947 1246 1007 quam
1284 929 1557 1009 plurimis,
1585 929 1950 988 vehementer
1975 935 2035 987 et
2060 928 2136 987 ad
2163 948 2310 1007 opes

310 1026 347 1079 3
377 1020 671 1100 augendas
707 1019 970 1098 pertinet,
999 1022 1059 1077 et
1100 1016 1177 1076 ad
1218 1018 1477 1097 gratiam.
1558 1018 1761 1096 Itaque
1788 1037 1919 1076 cum
1945 1017 2127 1077 multa
2154 1037 2312 1097 prae-

379 1111 538 1170 clara
550 1110 851 1188 majorum,
869 1116 995 1168 tum
1011 1108 1167 1186 quod
1188 1109 1402 1185 optime
1419 1107 1710 1167 constituti
1724 1108 1866 1185 juris
1887 1107 2060 1167 civilis
2081 1126 2313 1166 summo

283 1204 350 1261 .4
377 1218 606 1279 semper
627 1200 685 1258 in
709 1199 922 1259 honore
947 1197 1057 1256 fuit
1076 1197 1322 1277 cognitio
1340 1205 1511 1276 atque
1538 1197 1960 1276 interpretati03
1989 1215 2162 1274 quam
2182 1197 2312 1273 qui·
2344 1193 2349 1198 ’

375 1289 514 1348 dem
554 1295 688 1348 ante
719 1290 876 1348 hanc
922 1288 1309 1346 confusionem
1347 1294 1670 1366 temporum
1710 1287 1768 1345 in
1809 1286 2162 1365 possessione
2200 1304 2314 1344 sua

379 1378 663 1456 principes
700 1377 1084 1436 retinuerunt:
1124 1395 1291 1445 nunc,
1320 1383 1390 1435 ut
1413 1377 1676 1446 honores,
1702 1383 1771 1434 ut
1797 1395 1992 1435 omnes
2017 1372 2321 1454 dignitatis

314 1474 351 1527 5
379 1467 613 1545 gradus,
641 1463 722 1525 sic
747 1466 924 1543 hujus
949 1466 1198 1525 scientiae
1221 1466 1494 1544 splendor
1519 1467 1741 1526 deletus
1766 1472 1887 1525 est:
1928 1465 2101 1543 idque
2129 1484 2199 1524 eo
2222 1465 2313 1524 in-

378 1556 623 1634 dignius,
643 1554 797 1633 quod
817 1574 889 1614 eo
907 1562 1170 1634 tempore
1188 1557 1299 1638 hoc
1317 1556 1573 1635 contigit,
1585 1559 1716 1620 cum
1735 1555 1783 1613 is
1804 1562 1971 1623 esset,
1994 1554 2092 1632 qui
2112 1571 2319 1614 omnes

381 1645 717 1723 superiores,
766 1644 973 1726 quibus
1022 1646 1237 1705 honore
1283 1665 1391 1725 par
1442 1652 1609 1714 esset,
1658 1645 1888 1704 scientia
1939 1644 2103 1703 facile
2148 1645 2316 1703 vicis-

314 1740 351 1794 6
382 1740 487 1794 set.
567 1734 716 1793 Haec
742 1734 916 1814 igitur
942 1754 1132 1813 opera,
1154 1743 1322 1816 grata
1346 1735 1557 1804 multis,
1579 1742 1640 1795 et
1664 1735 1740 1793 ad
1766 1734 2048 1794 beneficiis
2068 1734 2318 1794 obstrin-

316 1823 352 1884 ¹7
380 1824 879 1905 gendos’homines
897 1826 1352 1886 accommodata.
1400 1855 1407 1864 ’
1432 1827 1634 1903 Atque
1671 1824 1804 1883 huic
1831 1823 1937 1882 arti
1962 1824 2197 1884 finitima
2223 1829 2319 1882 est

381 1914 606 1974 dicendi
630 1915 891 1983 facultas,
912 1922 972 1974 et
996 1916 1241 1994 gravior,
1262 1922 1324 1975 et
1349 1915 1612 1974 ornatior.
1697 1914 1848 1985 Quid
1869 1914 2019 1972 enim
2036 1914 2316 1991 ‘eloquen-

379 2004 463 2063 tia
508 2005 904 2083 praestabiliuS,
930 2006 1026 2064 vel
1071 2005 1445 2064 admiratione
1487 2003 1856 2072 audientium,
1885 2005 1979 2062 vel
2022 2021 2128 2081 spe
2170 2003 2318 2061 indi-

318 2100 354 2153 8
383 2094 658 2172 gentium,
684 2094 776 2153 vel
817 2112 1031 2162 eorum,
1059 2094 1158 2171 qui
1185 2094 1404 2153 defensi
1443 2100 1591 2161 sunt,
1619 2094 1807 2172 gratia
1823 2093 1852 2151 ‘t
1934 2091 2086 2151 Huic
2115 2111 2252 2171 ergo
2279 2110 2320 2150 a

318 2189 355 2241 9
383 2183 693 2259 majoribus
712 2182 917 2240 nostris
933 2188 1022 2240 est
1038 2184 1098 2240 in
1115 2189 1255 2260 toga
1275 2182 1565 2261 dignitatis
1582 2183 1930 2261 principatus
1951 2173 2138 2240 datus.
2209 2182 2318 2240 Di-

382 2271 532 2346 serti
556 2265 730 2348 igitur
766 2271 1025 2339 hominis,
1045 2277 1114 2329 et
1150 2271 1318 2329 facile
1355 2271 1682 2340 laborantiS,
1711 2271 1980 2348 quodque
2020 2271 2079 2329 in
2119 2271 2320 2348 patriis

385 2366 474 2420 est
496 2359 766 2428 moribuS‚
793 2360 1104 2418 multorum
1132 2378 1332 2419 causas
1348 2366 1419 2417 -et
1443 2378 1563 2419 non
1588 2366 1825 2439 gravate
1849 2367 1911 2418 et
1936 2361 2188 2438 gratuito
2213 2360 2319 2419 de·-

280 2455 356 2513 10
383 2448 683 2521 fendentis,
700 2448 970 2508 beneficia
989 2456 1051 2508 et
1068 2449 1381 2527 patrocinia
1400 2449 1752 2526 latepatent.
1832 2449 2204 2508 Admonebat
2214 2468 2321 2508 me

381 2558 492 2612 res,
517 2545 588 2597 ut
629 2539 740 2599 hoc
788 2557 1015 2617 quoque
1055 2539 1182 2597 loco
1224 2538 1695 2597 intermissionem
1735 2538 2088 2614 eloquentiae,
2117 2557 2190 2596 ne
2229 2538 2320 2597 di-

383 2648 512 2689 cam
536 2630 841 2699 interitum,
863 2629 1252 2706 deplorarem:
1292 2628 1353 2686 ni
1371 2641 1610 2696 vererer,
1633 2645 1705 2685 ne
1732 2627 1806 2685 de
1831 2645 1925 2686 me
1950 2627 2077 2705 ipso
2103 2627 2320 2705 aliquid

383 2718 609 2780 viderer
635 2719 812 2796 queri.
894 2717 1013 2777 Sed
1057 2725 1251 2776 tamen
1275 2718 1555 2785 videmus,
1583 2717 1788 2795 quibus
1829 2717 2090 2775 extinctis
2129 2723 2319 2775 orato·

382 2807 561 2875 ribus,
589 2819 780 2884 quam»
806 2808 865 2865 in
906 2807 1105 2885 paucis
1130 2825 1280 2885 spes,
1311 2813 1526 2885 quanto
1564 2808 1622 2864 in
1654 2805 2039 2885 *paucioribus
2052 2806 2318 2875 facultas,

277 2902 355 2957 11
387 2914 561 2974 quam
587 2896 646 2954 in
671 2895 866 2954 multis
894 2895 969 2954 sit
993 2894 1249 2955 audacia.
1319 2897 1471 2953 Cum
1498 2901 1690 2960 autem
1716 2914 1911 2953 omnes
1936 2914 2051 2954 non
2078 2895 2318 2973 possint,

385 3004 459 3046 ne
484 2985 650 3044 multi
674 2985 924 3062 quidem,
951 2991 1054 3049 aut
1093 2984 1239 3063 juris
1283 2985 1452 3064 periti
1490 3004 1632 3055 esse,
1661 2990 1764 3042 aut
1782 2985 2016 3053 diserti;
2057 2984 2193 3043 licet
2230 2990 2329 3043 ta-

385 3094 520 3136 men
545 3094 722 3155 opera
745 3074 1015 3158 prodesse
1042 3074 1253 3143 multis,
1282 3075 1554 3134 beneficia
1580 3081 1889 3153 petentem,
1912 3073 2319 3156 commendan-

386 3173 507 3225 tem
543 3166 849 3269 judicibuS,
876 3164 1320 3244 magistratibus,
1347 3164 1676 3243 vigilantem
1716 3183 1823 3242 pro
1849 3182 1912 3222 re
1938 3145 2189 3233 alterius,
2219 3181 2321 3238 eos

388 3255 560 3334 ipsos,
589 3255 687 3334 qui
726 3262 829 3314 aut
867 3255 1255 3323 consuluntur,
1285 3260 1390 3312 aut
1424 3252 1758 3321 defendunt,
1786 3259 2120 3331 rogantem.
2163 3235 2323 3330 quod

388 3346 488 3422 qui
512 3345 743 3414 faciunt,
774 3344 1079 3422 plurimum
1116 3344 1317 3423 gratiae
1344 3349 1785 3421 consequuntur,
1814 3341 2199 3418 latissimeque
2226 3360 2321 3399 eo-

290 3440 363 3496 12
394 3454 525 3493 rum
550 3441 747 3493 manat
770 3434 1064 3496 industria..
1141 3435 1182 3493 J
1184 3453 1278 3492 am
1317 3432 1459 3492 illud
1502 3451 1616 3491 non
1659 3440 1794 3491 sunt
1832 3431 2180 3489 admonendi
2209 3429 2326 3508 (est

391 3525 540 3582 enim
564 3524 622 3581 in
648 3522 944 3602 promptu)
973 3529 1041 3583 ut
1065 3520 1536 3592 animadvertant,
1565 3539 1699 3581 cum
1731 3522 1935 3601 juvare
1962 3519 2102 3580 alios
2128 3520 2324 3589 velint,

290 3617 367 3672 18
394 3632 467 3673 ne
505 3631 650 3690 quos
689 3611 994 3672 offendant.
1074 3612 1247 3691 Saepe
1273 3611 1426 3673 enim
1470 3619 1574 3672 aut
1619 3625 1723 3672 e‘os
1764 3609 2009 3680 laedunt,
2037 3628 2185 3690 quos
2208 3627 2333 3671 non
