2592 4142
913 307 920 314 ·
960 227 1138 295 mxii
1156 256 1244 297 111.
1324 254 1459 297 on.
1486 249 1601 314 1112*
1765 266 1774 275 ·
2199 244 2278 301 99

259 382 333 444 ad
356 383 656 443 amicitiam
681 383 913 443 tertium
938 383 1336 446 adscriberent.
1406 381 1557 445 Cum
1575 385 1749 465 igitur
1765 384 1844 454 id,
1862 384 2017 463 quod
2034 377 2172 445 utile
2204 391 2278 449 18

258 473 479 534 videtur
500 474 559 531 in
584 473 845 542 amicitia,
888 494 1020 532 cum
1065 493 1152 542 e0,
1194 474 1369 551 quod.
1391 475 1693 534 honestum
1736 482 1840 543 est,
1884 493 2173 553 compara-

258 571 368 632 tur,
388 563 578 640 jaceat
600 563 859 624 utilitatis
885 555 1119 641 species,
1142 565 1331 623 valeat
1357 565 1639 624 honestas.
1723 565 1874 624 Cum
1900 572 2090 624 autem
2115 565 2174 623 in
2203 571 2277 626 19

257 653 511 721 amicitia,
531 671 662 729 quae
682 653 921 720 honesta
936 673 1050 711 non
1070 660 1218 722 sunt,
1243 654 1696 731 postulabuntur,
1723 654 1921 733 religio
1941 662 2006 714 et
2029 654 2173 714 fides

255 748 632 820 anteponatur
670 741 945 802 amicitiae.
1027 742 1123 801 Sic
1161 743 1466 803 habebitur
1503 743 1571 812 is,
1599 761 1769 821 quem
1811 743 2171 822 exquirimus,
2243 732 2255 824 J

249 832 510 938 delectus
535 830 715 890 officii.

255 1047 260 1054 -
326 1011 434 1069 XI.
476 1009 594 1069 Sed
619 993 874 1091 utilitatis
901 1010 1089 1087 specie
1113 1009 1189 1068 in
1225 1009 1669 1093 rapnblioa
1709 995 2019 1088 saepissime
2038 1031 2170 1090 pec·

254 1109 429 1173 catur,
455 1109 524 1161 ut
537 1103 605 1161 in
622 1102 876 1172 Corinthi
897 1103 1304 1161 disturbatione
1319 1103 1514 1162 nostri.
1569 1103 1781 1162 Durius
1797 1103 1967 1162 etiam
1986 1103 2171 1163 Athe·

250 1192 487 1261 nienseS,
509 1192 615 1270 qui
640 1192 939 1261 sciverunt,
967 1192 1369 1271 ut‘AEIginetiffi
1397 1192 1496 1271 qui
1531 1185 1710 1252 classe
1735 1193 2019 1261 valebant,
2048 1193 2172 1298 pol·

250 1280 382 1341 lices
410 1281 867 1359 praeciderentur.
951 1282 1079 1340 Hoc
1105 1282 1289 1342 visum
1323 1288 1414 1340 est
1438 1282 1592 1342 utile.
1674 1263 1856 1341 Nimis
1883 1283 2033 1341 enim
2069 1283 2171 1344 im·
2200 1289 2237 1343 2

248 1372 518 1440 minebat,
548 1378 794 1450 propter
799 1371 1306 1449 propinquitatem,
1331 1372 1544 1451 AEgina
1563 1372 1804 1432 Piraeeo,
1868 1372 1985 1434 Sed
2013 1372 2168 1444 nihil,

249 1460 405 1538 quod
433 1460 679 1528 crudele,
703 1460 863 1519 utile.
944 1461 1050 1518 Est
1075 1460 1223 1519 enim
1249 1461 1543 1521 hominum
1567 1469 1803 1531 naturae,
1821 1480 1993 1541 quam
2013 1462 2174 1540 sequi

249 1550 548 1618 debemus,
569 1549 811 1610 maxime
836 1549 1059 1608 inimica
1083 1550 1435 1611 crudelitas.
1484 1551 1636 1610 Male
1678 1552 1849 1612 etiam
1887 1551 1985 1630 qui
2012 1570 2172 1630 pere
2199 1556 2235 1609 3

247 1640 440 1719 grinos
465 1639 701 1698 urbibus
727 1638 813 1697 uti
840 1639 1160 1717 prohibent,
1189 1639 1398 1718 eosque
1426 1640 1814 1708 exterminant,
1842 1639 1910 1698 ut
1940 1641 2172 1699 Pennus

247 1729 408 1808 apud
433 1735 628 1807 patres
653 1734 895 1797 nostros,
923 1725 1366 1806 Papius-nuper.
1446 1728 1600 1808 lffam
1625 1747 1748 1812 esse
1774 1748 1882 1806 pro
1909 1729 2048 1797 cive,
2076 1728 2174 1807 qui
2199 1732 2256 1787 4··

248 1819 384 1878 civis
422 1837 536 1879 non
574 1817 666 1886 sit,
692 1824 914 1878 rectum
953 1824 1043 1876 est
1081 1836 1196 1876 non
1235 1818 1436 1876 licere:
1478 1834 1653 1894 quam
1695 1817 1885 1895 legem
1921 1817 2175 1880 tulerunt

247 1907 638 1987 sapientissimi
680 1908 941 1970 consules
986 1907 1230 1968 Crassus
1270 1913 1331 1964 et
1370 1905 1663 1976 Scaevola·
1705 1924 1816 1964 usu
1838 1923 1978 1964 vero
2016 1905 2172 1965 urbis
2222 1983 2225 1988 b

246 1996 548 2076 prohibere
575 1997 900 2077 peregrinos
912 2015 1062 2055 sane
1086 1996 1460 2074 inhumanum
1484 2001 1589 2054 est.
1670 1994 1783 2053 Illa
1807 1993 2097 2072 praeclara,
2117 1995 2175 2054 in
2200 2004 2237 2057 5

246 2087 458 2164 quibus
494 2086 739 2164 publicae
764 2086 1021 2145 utilitatis
1048 2085 1278 2164 species
1306 2104 1428 2163 prae
1452 2085 1748 2144 honestate
1774 2084 2167 2145 contemnitur.

244 2176 430 2235 Plena
466 2175 857 2253 exemplorum
899 2182 987 2233 est
1024 2181 1219 2234 nostra
1258 2194 1353 2233 res
1382 2174 1640 2253 publica,
1671 2195 1803 2236 cum
1843 2171 2015 2253 saepe,
2046 2180 2170 2234 tum
2197 2181 2234 2236 6

244 2265 491 2325 maxime
535 2265 686 2342 bello
732 2263 949 2323 Punico
995 2265 1280 2327 secundo:
1324 2283 1470 2343 quae,
1520 2265 1804 2324 Cannensi
1849 2264 2172 2324 calamitate

234 2362 504 2433 accepta,
531 2329 794 2434 ιιιεῇὒιῖἒ
800 2355 1026 2434 animos
1044 2355 1261 2424 habuit,
1279 2374 1480 2440 quam
1488 2374 1742 2433 unquam
1764 2355 1937 2413 rebus
1976 2371 2174 2414 secun·

246 2443 355 2503 dis.
428 2443 605 2501 Nulla
629 2443 843 2502 timoris
864 2443 1223 2546 significatio,
1240 2445 1400 2503 nulla
1423 2444 1634 2503 mentio
1651 2443 1823 2521 pacis.
1891 2443 2072 2501 Tanta
2089 2444 2175 2502 vis
2203 2442 2234 2502 '1

245 2540 336 2594 est
360 2518 604 2601 honesti,
633 2540 702 2592 ut
727 2533 974 2611 speciem
993 2533 1250 2592 utilitatis
1273 2529 1556 2592 obscuret.
1637 2531 2016 2600 Athenienses
2043 2551 2174 2589 cun
2203 2538 2239 2591 8

245 2623 556 2681 Persarum
581 2622 859 2701 impetum
883 2622 1042 2682 nullo
1068 2622 1240 2681 modo
1262 2628 1498 2700 possent
1523 2620 1814 2699 sustinere,
1837 2626 2176 2679 statuerent·
2342 2690 2346 2698 v

245 2730 380 2789 que,
407 2717 477 2769 ut
500 2712 643 2771 urbe
667 2712 881 2780 relicta,
910 2712 1252 2791 conjugibus
1279 2718 1341 2770 et
1362 2710 1556 2770 liberis
1583 2692 1857 2769 'I'roezene
1883 2710 2174 2788 depositis,
2259 2707 2264 2711 ’

244 2820 423 2860 naves
450 2801 909 2870 conscenderent,
936 2791 1372 2879 libertatemque
1404 2800 1644 2859 Graeciae
1682 2800 1864 2859 classe
1905 2800 2177 2874 defende-

243 2897 415 2959 rent;
459 2890 744 2968 Cyrsilum
769 2890 1079 2968 quemdam
1107 2891 1461 2959 suadentem,
1489 2890 1643 2948 ut-in
1674 2890 1823 2949 urbe
1864 2896 2178 2959 manerent,

243 2981 610 3058 Xerxemque
649 2981 982 3058 reciperent,
1022 2980 1305 3058 lapidibus
1344 2986 1776 3057 cooperuerunt.
1832 2975 2042 3056 'Atqui
2080 2979 2177 3038 ille
2203 2984 2240 3037 9

243 3070 556 3130 utilitatem
581 3070 740 3147 sequi
765 3069 1101 3128 videbatur:
1143 3069 1246 3129 sed
1274 3088 1344 3128 ea
1367 3069 1525 3127 nulla
1551 3075 1673 3128 erat
1698 3074 2051 3145 repugnante
2075 3067 2177 3126 ho·
2360 3115 2367 3124 .

244 3164 491 3218 nestate.
529 3158 978 3218 .Themistocles
1006 3165 1140 3260 post
1165 3158 1459 3218 victoriam
1498 3158 1623 3235 ejus
1665 3153 1819 3222 belli,
1851 3153 2008 3230 quod
2048 3171 2181 3216 cum
2209 3160 2285 3215 10

245 3247 444 3306 Persis
470 3206 594 3316 fuit,
625 3241 805 3308 dixit·
791 3267 850 3305 ιιι
876 3248 1161 3316 concione,
1201 3266 1265 3305 se
1304 3247 1517 3304 habere
1560 3243 1852 3303 consilium
1890 3261 1973 3300 rei
1955 3235 2181 3320 publi-

248 3355 338 3396 cae
367 3335 636 3405 salutare,
665 3337 766 3396 sed
794 3337 853 3395 id
881 3337 1009 3395 sciri
1050 3355 1165 3394 non
1199 3354 1350 3413 opus
1394 3351 1539 3391 esse.
1619 3330 1953 3399 Postulavit,
1979 3338 2047 3389 ut
2083 3331 2182 3390 ali-

248 3444 426 3503 quem
455 3426 702 3503 populus
730 3426 910 3494 daret,
939 3425 1169 3503 quicum
1197 3422 1651 3482 communicaret.
1721 3413 1909 3479 Datus
1937 3428 2026 3479 est
2049 3421 2180 3480 Ari-
2212 3426 2283 3481 11

249 3514 449 3573 stides.
531 3515 681 3574 Huic
706 3515 818 3584 ille,
849 3516 1089 3574 classem
1118 3511 1699 3578 Lacedaemoniorum,
1728 3528 1859 3588 quae
1898 3510 2187 3570 subducta

251 3609 411 3663 esset
435 3602 512 3661 ad
543 3603 856 3682 Gytheum,
879 3604 1027 3662 clam
1052 3600 1273 3662 incendi
1302 3620 1501 3680 posse:
1544 3619 1663 3679 quo,
1685 3600 1838 3668 facto
1864 3600 2050 3680 frangi
2075 3602 2185 3660 La-
