2592 4142
941 291 1113 332 mna
1138 292 1201 331 11.
1284 291 1418 332 ou».
1447 292 1544 331 xv.
2178 269 2255 331 ¹7³

212 440 473 489 manum,
492 440 670 499 quam
695 411 1092 500 eloquentiam,
1116 439 1152 478 a
1177 428 1381 478 natura
1399 420 1474 478 ad
1502 420 1748 480 salutem
1774 416 2079 480 hominum.
2093 424 2153 477 et

213 512 298 569 ad
326 511 814 570 conservationem
841 510 1054 579 datam,
1078 510 1154 568 ad
1181 511 1459 579 bonorum
1489 517 1710 586 pestem
1737 507 2154 587 perniciemque

215 608 552 659 convertere
567 601 595 658 ‘2
637 600 761 658 Nec
777 608 986 667 tamen,
1006 607 1072 657 ιιι
1087 601 1195 658 hoc
1212 599 1548 678 fugiendum
1562 606 1665 667 est,
1684 599 1821 657 item
1836 604 1931 658 est
1941 598 2152 664 haben-‘-
2185 603 2258 659 15

216 690 366 772 dum
381 689 653 765 religioni,
667 697 968 748 nocentem
984 689 1302 767 aliquande,
1320 689 1493 747 modo
1513 708 1582 746 ne
1597 688 1875 748 nefarium
1889 687 2152 766 impium-

215 799 353 860 que,
377 779 700 838 defendere.
758 776 904 852 Vult
929 779 1039 837 hoc
1066 778 1389 846 multitude,
1414 778 1635 855 patitur
1653 778 2020 845 consuetudo,
2041 778 2155 836 fert

215 870 398 928 etiam
423 869 761 927 humanitas.
816 868 855 927 J
857 867 1048 927 udicis.
1062 875 1167 936 est,
1190 886 1418 945 semper
1442 867 1500 925 in
1526 868 1708 926 causis
1736 887 1934 940 verum
1960 868 2152 945 mqui:
2185 873 2258 932 16
2379 894 2388 904 ·

221 958 468 1036 patroni,
511 976 919 1036 nonnunquam
960 958 1080 1016 veri
1119 957 1321 1026 simile,
1350 957 1568 1016 etiamsi
1611 957 1793 1016 minus
1829 957 1903 1016 sit
1936 975 2152 1025 verum,
2206 987 2217 994 κ

215 1047 568 1115 defendere3
616 1046 772 1125 quod
818 1047 1061 1107 scribere
1110 1045 1455 1127 (praesertim
1495 1065 1630 1106 cum
1669 1046 1743 1105 de
1789 1046 2152 1125 philosophia
2182 1045 2254 1111 17

215 1134 557 1216 scriberem)
585 1156 701 1195 non
713 1137 1013 1206 auderem,
1043 1136 1158 1198 nisi
1174 1136 1328 1195 idem
1356 1136 1608 1214 placeret
1646 1136 1979 1216 gravissimo
2005 1133 2154 1196 Stoi·
2274 1170 2285 1174 -

216 1246 425 1287 corum
461 1226 738 1290 Panaetio.
803 1226 1073 1285 ‘Maxime
1112 1232 1307 1286 autem
1335 1233 1395 1285 et
1430 1225 1611 1305 gloria
1637 1226 1858 1304 paritur
1883 1232 1945 1283 et
1969 1223 2154 1304 gratia
2184 1230 2258 1285 18

212 1315 685 1375 defensionibus:
727 1334 913 1393 eoque
950 1316 1151 1394 major,
1182 1315 1231 1373 si
1255 1305 1488 1393 quando
1508 1315 1747 1385 accidit,
1775 1322 1845 1374 ut
1869 1315 1923 1374 ei
1948 1315 2152 1375 subve-

216 1406 425 1473 niatur,
466 1405 570 1482 qui
602 1405 850 1484 potentis
890 1405 1156 1483 alicujus
1170 1404 1375 1483 opibus
1415 1405 1802 1465 circumveniri
1847 1405 2153 1484 urgerique

217 1496 513 1564 videatun
555 1501 621 1552 ut
646 1514 749 1553 nos
779 1503 839 1553 et
864 1514 1019 1573 saepe
1045 1495 1200 1563 alias,
1223 1505 1283 1553 et
1302 1494 1688 1555 adolescentes
1709 1502 1905 1567 contra
1931 1495 1997 1559 L.
2018 1494 2150 1556 Sul-
2183 1500 2257 1557 19

215 1585 295 1643 1ae
337 1579 676 1642 dominantis
716 1602 855 1663 opes
895 1604 1026 1662 pro
1037 1584 1101 1645 S.
1129 1585 1341 1644 Roscio
1376 1583 1652 1651 Amerino
1689 1585 1960 1653 fecimum
2001 1604 2151 1672 quae,

211 1681 287 1736 ut
313 1674 444 1743 scis,
473 1680 635 1732 extat
660 1673 858 1734 oratio.

296 1853 431 1911 XV.
469 1851 592 1911 Sed
622 1809 893 1930 expositis
932 1808 1377 1916 adolescentium
1417 1855 1629 1923 officiis,
1659 1873 1792 1932 quai
1821 1826 2050 1914 valeant
2074 1855 2152 1914 ad
2188 1867 2209 1925 j
2233 1846 2237 1850 ’

212 1943 465 2022 gloriam
492 1942 946 2020 adiPiscendam5.
964 1943 1233 2022 deinceps
1267 1944 1345 2002 de
1385 1944 1424 2002 b
1440 1963 1477 2001 e
1488 1963 1528 2002 n
1544 1962 1578 2001 e
1593 1944 1654 2001 fi
1669 1964 1702 2002 c
1719 1962 1751 2001 e
1765 1964 1806 2001 n
1822 1950 1850 2002 ι
1864 1944 1885 2002 i
1900 1962 1936 2001 a
1972 1961 2042 2003 ac
2078 1944 2153 2004 de

207 2033 667 2092 liberalitate
694 2032 997 2091 dicendum
1025 2039 1132 2094 est.
1206 2029 1391 2111 Cujus
1415 2033 1505 2091 e‘st
1528 2033 1672 2091 ratio
1699 2032 1931 2111 duplex.
1997 2033 2150 2093 Nam
2180 2040 2215 2093 2

213 2129 322 2180 aut
348 2127 527 2201 opera
553 2121 795 2199 benigne
821 2122 889 2180 fit
913 2122 1319 2201 indigentibus,
1344 2129 1446 2181 aut
1470 2123 1727 2200 pecunia.
1794 2122 2037 2182 Facilior
2061 2130 2151 2182 est

212 2211 347 2271 haec
367 2210 660 2314 posterior,
685 2211 958 2289 locupleti
988 2212 1340 2292 praesertim.
1382 2212 1486 2272 sed
1511 2213 1610 2271 illa
1634 2212 1861 2272 lautior
1866 2232 1935 2272 ac
1960 2212 2149 2292 splen-

215 2301 409 2360 didior
449 2307 510 2360 et
535 2301 657 2359 viro
698 2300 862 2359 forti
874 2301 1140 2379 claroque
1178 2301 1418 2381 dignior.
1500 2303 1858 2381 Quamquam
1902 2304 2053 2363 enim
2090 2302 2150 2362 in
2176 2310 2213 2364 3

213 2397 465 2468 utroque
499 2390 647 2449 inest
680 2390 1038 2469 gratificandi
1077 2391 1323 2452 liberalis
1348 2392 1625 2461 voluntas,
1654 2399 1847 2453 tamen
1872 2393 2052 2452 altera
2077 2411 2150 2451 ex

216 2499 371 2549 arca,
415 2480 596 2538 altera
638 2498 710 2538 ex
750 2480 961 2538 virtute
993 2480 1386 2559 depromitur:
1432 2483 1784 2560 largitioque‚
1818 2500 1951 2560 quae
1984 2483 2052 2541 fit
2077 2500 2151 2541 ex

218 2588 284 2627 re
311 2569 584 2637 familiari,
606 2570 824 2627 fontem
849 2569 1040 2647 ipsum
1066 2570 1426 2649 benignitatis
1446 2571 1720 2632 exhaurit.
1775 2571 1870 2629 Ita
1895 2569 2147 2649 benigni·

213 2666 339 2717 tate
366 2658 681 2737 benignitas
708 2658 956 2718 tolliturt
979 2677 1114 2736 -qua
1137 2678 1253 2736 quo
1277 2659 1337 2717 in
1364 2660 1558 2737 plures
1582 2677 1721 2717 usus
1746 2659 1839 2727 sis,
1867 2677 1939 2717 eo
1959 2657 2148 2718 minus
2186 2665 2189 2669 ’

212 2749 274 2808 in
291 2749 505 2807 multos
523 2748 838 2827 uti=possis.
894 2749 980 2812 At
1000 2749 1102 2827 qui
1126 2767 1319 2827 opera,
1339 2749 1400 2808 id
1427 2756 1516 2807 est
1533 2749 1742 2808 virtute
1767 2756 1828 2807 et
1852 2748 2144 2821 industria,
2174 2753 2214 2809 4

212 2838 461 2897 benefici
502 2845 563 2896 et
600 2838 861 2898 liberales
900 2845 1084 2906 erunt,
1113 2839 1361 2916 primum
1389 2858 1505 2917 quo
1531 2838 1787 2917 pluribus
1813 2838 2144 2919 profuerint,

211 2945 285 2984 eo
305 2925 498 3004 pluroe
517 2926 594 2985 ad
620 2928 862 3006 benigne
887 2927 1211 2987 faciendum
1230 2928 1521 3007 adjutores
1547 2929 1896 2991 habebunt.
1924 2930 2146 2989 Deinde
2173 2938 2210 2991 5

209 3015 624 3076 consuetudine
646 3013 1036 3076 beneficentiae
1061 3018 1371 3095 paratiores
1397 3026 1573 3078 erunt
1582 3026 1644 3078 et
1667 3026 1962 3097 tamquam
1987 3038 2145 3079 exer-

208 3104 499 3164 citatiores
519 3105 596 3164 ad
622 3103 778 3165 bene
796 3106 870 3167 de
894 3107 1089 3165 multis
1122 3108 1580 3184 promerendum.
1646 3108 1964 3167 Praeclare
1948 3126 2007 3166 ιιι
2020 3108 2143 3185 epi·
2171 3113 2209 3177 6

208 3194 365 3253 stola
382 3192 633 3271 quadam
654 3195 1050 3254 Alexandrum
1068 3196 1246 3255 filium
1262 3197 1568 3275 Philippus
1586 3203 1838 3265 accusat,
1858 3195 2014 3272 quod
2032 3194 2144 3256 lar.

206 3282 427 3361 gitione
452 3282 890 3343 benivolentiam
916 3284 1298 3345 Macedonum
1319 3291 1695 3348 consectetur.
1761 3285 1903 3357 Qum
1929 3292 1994 3353 u,
2021 3303 2141 3343 ma,

208 3369 381 3432 lum!
420 3371 618 3448 inquit,
644 3375 795 3432 ratio
831 3375 898 3432 in
927 3374 1097 3434 istam
1132 3394 1282 3450 spem
1320 3375 1561 3442 induoeit,
1588 3382 1657 3444 ut
1691 3392 1780 3433 ees
1819 3374 1919 3434 tibi
1945 3374 2144 3450 fideles

191 3469 438 3537 putares
465 3462 615 3537 fore,
658 3482 797 3540 quoe
830 3466 1073 3539 pecunia
1108 3465 1486 3540 corrupisses?
1564 3464 1664 3522 Aa
1690 3473 1765 3523 w
1802 3464 1867 3522 id
1903 3463 2043 3538 aqis,
2068 3470 2144 3523 ut

205 3550 543 3609 Macedones
587 3569 698 3610 mm
746 3561 796 3611 te
839 3573 1018 3628 reyem
1061 3573 1250 3623 auum,
1291 3554 1387 3613 sed
1422 3555 1748 3619 ministrum
1787 3563 1840 3614 ot
1872 3554 2161 3658 praebia·
2264 3559 2273 3562 “

200 3655 324 3702 m
347 3643 729 3732 spermtfore.
720 3642 746 3687 2
825 3643 981 3701 Bene
1007 3644 1332 3715 ministr-um
1356 3652 1409 3704 ct
1422 3646 1818 3721 proebimeqn2’
1856 3627 1979 3737 qud
1999 3646 2138 3737 quid
2165 3647 2203 3710 ’1
