2592 4142
281 232 359 288 56
795 247 871 285 nn
901 245 1156 315 ornons
1183 246 1355 287 usna
1381 247 1422 288 1.
1504 246 1635 289 oAP.
1665 243 1795 289 ην.

389 374 539 433 cium
583 375 758 433 studii
794 382 1113 452 quaereret3
1155 382 1280 437 tum
1311 376 1544 445 docere,
1573 384 1699 435 tum
1727 376 1943 436 discere
1969 372 2161 448 vellet,
2189 384 2317 438 tum

281 470 355 524 12
385 463 598 533 audire,
629 472 753 523 tum
781 465 982 523 dicere.
1068 466 1224 544 Ergo
1253 485 1420 523 omne
1461 466 1727 535 officium,
1755 467 1911 545 quod
1938 467 2016 525 ad
2046 469 2172 547 conj
2182 482 2314 527 unc-

383 556 594 613 tionem
636 555 928 613 hominum
967 562 1028 613 et
1066 554 1142 613 ad
1185 557 1514 614 societatem
1553 557 1828 614 tuendam
1867 558 2034 626 valet,
2079 565 2311 636 antepo-

380 640 634 703 nendum
660 652 748 704 est
772 642 855 703 illi
881 644 1077 714 officio,
1098 646 1256 724 quod
1283 646 1603 725 cognitione
1630 654 1689 729 et
1716 647 1948 705 scientia
1976 647 2312 717 continetur.

458 910 638 975 XLV.
670 913 825 973 Illud
851 914 1087 973 forsitan
1107 915 1480 993 quaerendum
1499 896 1592 983 sit,
1612 934 1750 972 num
1770 914 1898 974 haec
1920 914 2312 983 communitas,

379 1023 510 1082 quae
556 1005 801 1063 maxime
849 1012 938 1063 est
976 1012 1114 1083 apta
1151 1011 1407 1083 naturae„
1432 1005 1507 1062 sit
1547 1004 1719 1062 etiam
1769 1004 2145 1063 moderationi
2194 1024 2313 1063 mo-

314 1098 351 1152 2
380 1093 696 1172 destiaeque
735 1113 966 1173 semper
1006 1094 1422 1172 anteponenda.
1505 1093 1639 1151 Non
1683 1094 1891 1172 placet.
1975 1094 2124 1153 Sunt
2166 1095 2318 1153 enim

377 1184 648 1262 quaedam
696 1185 904 1262 partim
951 1183 1031 1242 ita
1076 1183 1254 1252 foeda,
1306 1183 1514 1262 partim
1560 1183 1641 1241 ita
1686 1183 1986 1263 flagitiosa,
2030 1190 2099 1241 ut
2136 1203 2207 1242 ea
2243 1204 2316 1243 ne
2415 1222 2424 1225 -

378 1274 783 1333 conservandae
806 1274 1038 1352 quidem
1067 1274 1266 1352 patriae
1309 1291 1482 1332 causa
1522 1273 1747 1351 sapiens
1773 1272 2029 1335 facturus
2057 1273 2147 1332 sit.
2228 1275 2317 1333 Ea

375 1363 718 1422 Posidonius
763 1364 992 1442 collegit
1039 1363 1345 1441 permulta,
1393 1363 1497 1422 sed
1545 1363 1627 1422 ita
1674 1369 1849 1422 taetra
1901 1362 2191 1440 quaedam,
2236 1364 2319 1422 ita

312 1459 348 1512 3
377 1454 668 1522 obscoena,
689 1459 759 1511 ut
779 1442 938 1529 dictu
957 1472 1186 1531 quoque
1205 1453 1509 1512 videantur
1535 1453 1743 1532 turpia.
1823 1453 1973 1513 Haec
2001 1452 2178 1532 igitur
2203 1474 2319 1513 non

377 1542 648 1620 suscipiet
688 1542 773 1601 rei
813 1542 1060 1621 publicae
1103 1561 1314 1612 causa3
1354 1562 1427 1602 ne
1467 1562 1559 1601 res
1600 1543 1832 1621 publica
1859 1543 2091 1621 quidem
2120 1560 2227 1621 pro
2255 1563 2318 1602 se

312 1637 350 1690 4
378 1633 589 1711 suscipi
615 1633 786 1692 volet.
870 1631 990 1690 Sed
1016 1633 1148 1692 haec
1189 1621 1544 1692 commodius
1571 1652 1634 1690 se
1662 1652 1754 1691 res
1781 1633 1979 1700 habet,
2007 1633 2164 1711 quod
2203 1653 2321 1692 non

378 1728 571 1801 potest
598 1721 855 1781 accidere
881 1730 1131 1802 tempus,
1161 1729 1228 1781 ut
1253 1714 1476 1781 intersit
1500 1722 1583 1780 rei
1623 1723 1886 1800 publicae,
1916 1722 2226 1800 quicquam
2252 1723 2318 1781 il-

312 1821 348 1873 5
390 1813 576 1872 lorum
603 1813 791 1872 facere
818 1812 1152 1892 sapientem.
1236 1813 1428 1883 Quare
1452 1808 1562 1871 hoc
1590 1812 1822 1890 quidem
1848 1811 2114 1870 effectum
2140 1813 2231 1880 sit,
2260 1813 2334 1871 in·

377 1903 571 1962 officiis
599 1903 914 1983 deligendis
940 1902 999 1961 id
1027 1922 1211 1983 genus
1253 1900 1563 1961 officiorum
1604 1901 1896 1969 excellere,
1928 1901 2083 1979 quod
2125 1910 2318 1961 tenea-

312 1997 349 2051 6
377 2000 472 2052 tur
496 1993 790 2052 hominum
818 1990 1106 2052 societate.
1169 1992 1401 2050 Etenim
1429 1990 1810 2071 cognitionem
1839 1991 2321 2069 prudentiamque

377 2084 634 2161 sequitur
654 2083 1012 2142 considerata
1033 2082 1200 2141 actio.
1264 2083 1361 2140 Ita
1380 2082 1464 2151 fit,
1486 2087 1554 2138 ut
1572 2099 1742 2160 agere
1765 2080 2118 2139 considerate
2139 2081 2321 2159 pluris

314 2171 348 2231 '7
378 2173 474 2242 sit,
495 2191 670 2250 quam
697 2173 952 2251 cogitare
982 2172 1310 2250 prudenter.
1380 2171 1582 2250 Atque
1605 2172 1731 2229 haec
1759 2164 1991 2248 quidem
2017 2169 2318 2231 haetenus.

376 2261 712 2319 Patefactus
750 2269 845 2320 est
880 2261 1031 2319 enim
1068 2260 1227 2319 locus
1267 2259 1409 2339 ipse,
1439 2268 1506 2319 ut
1531 2280 1646 2319 non
1685 2261 1758 2318 sit
1787 2259 2011 2319 difficile
2037 2260 2096 2318 in
2122 2260 2319 2338 exqui-

315 2357 350 2410 8
378 2349 558 2409 rendo
605 2350 803 2419 officio,
854 2349 992 2427 quid
1040 2349 1243 2428 cuique
1296 2350 1373 2409 sit
1433 2350 1905 2429 praeponendum,
1953 2349 2165 2408 videre.
2247 2351 2321 2409 In

377 2440 503 2519 ipsa
528 2446 723 2499 autem
751 2439 1157 2523 communitate
1184 2446 1321 2498 sunt
1360 2439 1574 2519 gradus
1603 2440 1948 2501 officiorum:
1992 2458 2064 2501 ex
2090 2439 2317 2518 quibuS‚

377 2530 518 2609 quid
544 2530 748 2610 cuique
775 2537 1030 2610 praestet,
1056 2528 1299 2609 intelligi
1325 2526 1537 2609 possit:
1578 2538 1645 2590 ut
1671 2530 1854 2609 prima
1880 2530 1987 2589 diis
2026 2529 2317 2588 immorta-

379 2621 545 2690 libus,
575 2621 828 2682 secunda
867 2620 1088 2701 patriae,
1131 2620 1301 2699 tertia
1342 2620 1692 2701 parentibus,
1721 2614 1988 2699 deinceps
2029 2619 2319 2699 gradatim

315 2717 352 2769 9
376 2710 605 2788 reliquis
635 2708 969 2770 debeantur.
1055 2711 1278 2782 Quibus
1306 2728 1377 2771 ex
1403 2710 1576 2772 rebus
1604 2710 1850 2773 breviter
1889 2709 2198 2788 disputatis
2235 2709 2318 2767 in-

379 2800 560 2878 telligi
588 2807 800 2878 potest,
830 2819 946 2859 non
983 2801 1170 2864 solum
1209 2799 1269 2860 id
1311 2799 1567 2861 homines
1610 2800 1810 2861 solere.
1834 2799 2117 2867 dubitare,
2142 2799 2318 2859 hone-

381 2896 626 2957 stumne‚
654 2907 729 2946 an
753 2896 923 2967 turpe
946 2890 1055 2949 sit:
1099 2889 1202 2950 sed
1242 2889 1433 2958 etiam,
1464 2889 1694 2952 duobus
1720 2889 2021 2969 propositis
2047 2889 2320 2960 honestis,

281 2985 355 3039 10
381 2985 579 3037 utrum
619 2979 930 3037 honestius.
1014 2978 1124 3038 Hic
1168 2979 1331 3038 locus
1370 2998 1406 3039 a
1445 2979 1702 3041 Panaetio
1729 2986 1833 3048 est,
1862 2985 1933 3039 ut
1968 2998 2143 3061 supra
2184 2977 2319 3049 dixi.

384 3068 829 3152 praetermissus.
913 3067 1079 3129 Sed
1055 3086 1180 3151 Jam
1207 3068 1285 3130 ad
1311 3068 1531 3151 reliqua
1557 3087 1891 3153 pergamum
