2592 4142
994 217 1167 258 unna
1192 219 1233 261 1.
1319 217 1452 261 ou.
1481 218 1667 261 xxvn.
1713 186 1720 192 ’
2270 203 2349 285 θῤ

296 365 406 406 nos
442 364 734 425 geramus
754 346 1157 407 „summissius
1249 348 1547 409 Panaetius
1598 348 1832 429 quidem
1884 349 2241 419 Africanum,
2270 355 2309 411 5

296 435 623 495 auditorem
636 442 709 509 ‘et
733 436 1068 499 familiarem
1106 456 1294 507 suum,
1324 438 1555 497 solitum
1595 438 1675 498 ait
1712 439 1919 509 dicere,
1946 446 2015 499 ut
2045 457 2242 517 equos,

298 533 540 604 propter
559 527 787 585 crebras
803 526 1191 605 contentiones
1211 528 1545 607 proeliorum
1563 529 1857 589 ferocitate
1874 529 2240 598 exsultantes,

294 615 678 675 domitoribus
721 616 949 677 tradere
988 617 1225 687 soleant,
1254 625 1323 677 ut
1348 616 1437 677 his
1475 618 1819 678 facilioribus
1858 619 2079 698 possint
2117 618 2204 678 uti

297 705 380 764 sic
427 706 688 771 homines
734 705 1001 765 secundis
1044 709 1221 766 rebus
1266 708 1569 767 effrenatos
1615 708 1836 787 sibique
1874 707 2242 788 praefidentes

296 801 599 874 tamquam
637 795 697 854 in
736 815 949 875 gyrum
990 796 1221 857 rationis
1264 804 1326 856 et
1367 797 1641 858 doctrinae
1685 796 1817 857 duci
1856 805 2137 878 oportere,
2173 803 2243 855 ut

296 885 689 964 perspicerent
713 905 906 947 rerum
931 886 1311 946 humanarum
1336 887 1783 947 imbecillitatem·
1797 887 2242 966 varietatemque

296 974 568 1034 fortunae.
650 974 849 1053 Atque
889 976 1060 1034 etiam
1106 976 1164 1034 in
1203 976 1622 1036 secundissimis
1659 978 1831 1036 rebus
1867 978 2113 1036 maxime
2151 982 2242 1037 est
2267 980 2306 1036 6

296 1064 583 1123 utendum
611 1065 839 1127 consilio
864 1066 1194 1135 amicorum,
1224 1065 1425 1144 hisque
1461 1066 1647 1145 major
1670 1065 1861 1135 etiam,
1888 1085 2062 1145 quam
2086 1071 2238 1135 ante,

295 1154 606 1214 tribuenda
632 1155 954 1215 auctoritas.
1035 1157 1365 1234 Iisdemque
1392 1156 1747 1235 temporibus
1784 1155 2103 1219 cavendum
2129 1161 2237 1223 est,
2267 1152 2304 1214 ’1

294 1263 372 1303 ne
399 1244 846 1307 assentatoribus
872 1245 1284 1323 patefaciamus
1311 1264 1496 1314 aures,
1523 1264 1667 1307 neve
1706 1244 1926 1313 adulari
1963 1263 2069 1303 nos
2094 1242 2241 1301 sina-

294 1354 430 1393 mus
454 1353 470 1392 :
511 1334 571 1392 in
596 1353 710 1412 quo
735 1334 857 1393 falli
881 1334 1048 1394 facile
1075 1342 1180 1395 est.
1261 1335 1430 1395 Tales
1467 1335 1621 1394 enim
1658 1354 1765 1393 nos
1795 1353 1921 1393 esse
1949 1339 2238 1412 putamus,

295 1430 368 1483 ut
388 1424 524 1503 jure
546 1424 869 1495 laudemur.
937 1425 1028 1483 Ex
1055 1445 1172 1503 quo
1191 1432 1504 1485 nascuntur
1529 1424 1957 1484 innumerabilia
1983 1428 2240 1501 peccata,

296 1524 445 1573 cum*
489 1513 746 1572 homines
794 1513 975 1572 inflati
1021 1515 1377 1599 opinionibus
1423 1515 1669 1594 turpiter
1709 1512 2030 1582 irridentur,
2077 1516 2139 1571 et
2181 1511 2242 1571 in

290 1603 565 1662 'maximis
590 1609 890 1662 versantur
916 1605 1219 1665 erroribus.

382 1781 504 1841 Sed
550 1781 682 1841 haec
730 1784 960 1862 quidem
1003 1785 1296 1846 hactenus.
1378 1784 1534 1845 Illud
1579 1791 1774 1843 autem
1819 1781 1902 1840 sie
1948 1786 2037 1840 est
2083 1779 2237 1859 judi·
2266 1786 2304 1840 8

296 1874 572 1941 candum,
599 1873 876 1933 maximas
916 1875 1040 1954 geri
1077 1894 1168 1937 res
1208 1882 1270 1934 et
1307 1874 1540 1933 maximi
1577 1872 1746 1931 animi
1784 1871 1865 1928 ab*
1898 1869 1987 1938 iis,
2010 1869 2107 1947 qui
2146 1887 2239 1927 res

298 1964 564 2043 publicas
599 1970 818 2044 regant,
848 1964 1007 2043 quod
1045 1983 1243 2024 earum
1280 1959 1692 2022 administratio
1731 1957 2002 2016 latissime
2043 1963 2242 2036 pateat

297 2054 381 2112 ad
408 2055 794 2133 plurimosque
821 2054 1118 2134 pertineat.
1185 2053 1330 2112 Esse
1357 2059 1549 2111 autem
1573 2046 1767 2126 magni
1791 2046 1961 2105 animi
1980 2052 2040 2105 et
2064 2045 2240 2105 fuisse
2266 2052 2303 2109 9

297 2144 517 2202 multos
543 2144 716 2203 etiam
739 2144 798 2202 in
822 2144 941 2203 vita
977 2143 1175 2213 otiosa,
1203 2142 1304 2222 qui
1340 2143 1442 2225 aut
1480 2137 1887 2217 investigarent
1927 2143 2029 2198 aut
2069 2154 2240 2196 cona-

296 2240 501 2292 rentur
538 2253 750 2313 magna
787 2222 1077 2311 quaedam,
1107 2228 1354 2308 seseque
1383 2245 1616 2287 suarum
1655 2245 1848 2286 rerum
1873 2225 2080 2289 finibus
2106 2244 2238 2286 con-

298 2323 581 2393 tinerent3
622 2330 725 2382 aut
748 2322 1031 2402 interjecti
1053 2322 1199 2379 inter
1225 2317 1598 2396 philosophos
1625 2323 1687 2379 et
1713 2335 1828 2385 eos,
1859 2316 1960 2396 qui
1982 2336 2106 2376 rem
2130 2335 2239 2396 pu·

298 2412 512 2472 blicam
557 2412 1035 2485 administrarent„
1078 2408 1495 2468 delectarentur
1540 2425 1603 2466 re
1649 2425 1756 2466 sua
1800 2406 2076 2474 familiari,
2124 2425 2241 2466 non

299 2520 435 2562 eam
473 2503 706 2580 quidem
746 2501 900 2562 omni
937 2499 1152 2559 ratione
1192 2502 1626 2576 exaggeranteS,
1653 2514 1839 2574 neque
1872 2495 2240 2554 excludentes

299 2591 382 2651 ab
428 2593 553 2671 ejus
599 2612 710 2651 usu
754 2611 905 2657 suos,
947 2587 1250 2666 potiusque
1295 2591 1357 2644 et
1395 2585 1589 2644 amicis
1634 2584 2023 2662 impertientes
2061 2590 2121 2642 et
2157 2584 2241 2643 rei

300 2682 572 2761 publicae,
615 2682 663 2740 si
701 2678 930 2759 quando
972 2695 1112 2735 usus
1154 2681 1324 2735 esset.
1405 2675 1553 2744 Quae
1594 2672 1843 2752 primum
1884 2673 2030 2733 bene
2071 2679 2240 2752 parta
2268 2678 2345 2735 10

300 2771 394 2840 sit,
444 2773 600 2833 nullo
644 2786 830 2847 neque
875 2766 1033 2846 turpi
1078 2771 1330 2844 quaestu,
1377 2780 1564 2842 neque
1610 2762 1844 2822 odioso:
1892 2769 2019 2822 tum
2063 2782 2241 2842 quam

300 2861 577 2940 plurimis,
606 2858 781 2918 modo
820 2856 1024 2936 dignis,
1055 2874 1118 2914 se
1145 2854 1344 2914 utilem
1384 2854 1678 2933 praebeatg
1722 2852 1926 2913 deinde
1959 2860 2240 2933 augeatur

230 3012 243 3025 ‚
298 2951 536 3017 ratione,
560 2947 867 3027 diligentia,
889 2943 1245 3025 parsimonia,
1273 2962 1381 3004 nec
1407 2943 1624 3003 libidini
1648 2944 1840 3023 potius
1866 2943 2235 3021 luxuriaeque,

298 3057 478 3117 quam
520 3035 842 3097 liberalitati
878 3042 940 3095 et
977 3034 1365 3094 beneficentiae
1407 3041 1625 3113 pareat.
1706 3034 1855 3093 Haec
1898 3032 2237 3112 praescripta
2265 3036 2340 3092 11

299 3134 624 3187 servantem
648 3127 783 3185 licet
807 3124 1124 3204 magnifice,
1149 3124 1402 3203 graviter
1439 3124 1800 3199 animoseque
1826 3122 2035 3191 vivere,
2062 3128 2240 3200 atque

298 3218 478 3277 etiam
502 3215 845 3309 simpliciter,
871 3213 1130 3282 fideliter,
1157 3213 1295 3274 vitae
1321 3212 1617 3272 hominum
1641 3210 1839 3270 amice.

378 3397 633 3457 XXVII.
677 3396 968 3475 Sequitur,
995 3401 1064 3454 ut
1089 3394 1164 3454 de
1189 3412 1308 3453 una
1344 3393 1562 3470 reliqua
1600 3397 1767 3471 parte
1803 3388 2116 3449 honestatis
2152 3389 2236 3452 di-

297 3486 902 3565 cendumsitzinqua
926 3484 1441 3552 verecundia,
1471 3488 1532 3541 et
1556 3481 1719 3560 quasi
1743 3479 1976 3560 quidam
2003 3489 2238 3543 ornatus

296 3576 459 3647 vitae,
507 3574 1046 3656 temperantia
1090 3581 1168 3635 et
1211 3571 1641 3642 modestia,
1683 3570 1976 3652 omnisque
2018 3571 2239 3635 sedatio
2299 3572 2302 3575 ’
