2592 4142
891 287 1176 333 mnu-111,
1255 290 1398 336 off:
1421 291 1547 332 vm.
1569 269 1577 340 ’,
1886 301 1894 308 ·
2156 275 2239 336 ⁹5

190 416 476 479 tudinem*
497 415 874 498 fugiendum3
914 420 1054 498 quid
1093 420 1368 499 siu-quod
1405 420 1614 482 idcireo
1651 416 1987 499 fugiendum
2023 437 2137 479 non

190 508 285 578 sit,
303 508 467 586 quod
492 509 722 567 omnino
741 514 910 587 turpe
935 528 1050 588 non
1075 517 1179 569 est.
1240 510 1360 570 Sed
1380 511 1646 588 quoniam
1666 510 1824 588 operi
1848 510 2130 579 inchoatO,
2161 516 2198 570 3

190 592 379 676 prope
394 605 589 657 tamen
602 599 883 667 absoluto,
901 605 1194 676 tamquam
1210 599 1500 678 fastigium
1517 599 1860 678 imponimus
1877 617 1890 656 :
1913 604 1981 658 ut
1992 617 2134 678 geo-

188 694 398 745 metrae
437 688 624 747 solent
661 707 776 747 non
816 689 1004 748 omnia
1044 688 1266 758 docere,
1295 689 1398 747 sed
1439 690 1744 768 postulare,
1772 695 1838 748 ut
1860 688 2133 766 quaedam

188 777 304 836 sibi
327 777 730 848 concedantur,
752 796 867 854 quo
893 778 1129 847 facilius,
1157 771 1290 855 quie
1317 779 1532 847 volunt,
1562 780 1872 857 explicent:
1903 779 1983 839 sie
2010 798 2131 859 ¹ego

187 884 234 946 a
253 872 318 928 te
345 867 592 944 postule,
609 858 933 937 miGieerO,
957 874 1024 926 ut
1049 868 1198 930 mihi.
1213 868 1510 941 eomedas,
1533 867 1582 926 si
1607 875 1790 946 potes,
1808 864 1963 939 nihil,
1982 888 2131 948 praee
2194 926 2199 929 ,

189 962 285 1014 ter
308 955 389 1023 id,
417 955 575 1033 quod
599 956 909 1023 honestum
936 957 1026 1025 sit,
1056 963 1293 1036 propter
1319 975 1380 1015 se
1407 975 1532 1015 esse
1559 958 1958 1035 expetendum,
2027 959 2130 1018 Sin
2156 962 2195 1017 4

190 1045 310 1103 hoe
350 1064 465 1105 non
506 1046 640 1104 lieet
680 1064 786 1124 per
805 1046 1172 1125 Cratippum,
1200 1053 1262 1104 at
1287 1046 1431 1106 illud
1457 1052 1611 1105 certe
1640 1046 1817 1128 dabis,
1846 1047 2002 1130 quod
2027 1048 2129 1106 ho-

190 1143 425 1197 nestum
466 1135 555 1203 sit,
582 1135 644 1193 id
672 1154 797 1204 esse
836 1136 1080 1194 maxime
1113 1142 1359 1214 *propter
1401 1154 1464 1208 se
1506 1127 1908 1213 expetendum.
1989 1136 2132 1196 Mihi

187 1224 477 1282 utrumvis
503 1224 639 1283 satis
666 1230 786 1283 est:
814 1231 875 1283 et
900 1232 1027 1308 turn
1050 1221 1180 1292 hoe,
1195 1231 1323 1282 tum
1344 1224 1499 1302 illud
1514 1225 1860 1302 probabilius
1882 1214 2128 1294 ridetur,

187 1329 304 1372 neo
342 1320 621 1391 praeterea
662 1313 964 1392 quiequam
1003 1305 1315 1392 probabiless
1395 1314 1489 1372 Ao
1518 1313 1775 1392 primum
1797 1314 1857 1372 in
1875 1314 1992 1376 ,hoe
2017 1314 2128 1371 Pa·
2156 1313 2213 1396 5]

187 1402 398 1482 ngaetius
439 1402 832 1461 defendendus
875 1410 990 1474 est,
1010 1402 1167 1480 quod
1203 1422 1317 1462 non
1350 1403 1514 1463 utilia
1555 1422 1687 1462 eum
1729 1401 1979 1479 hone'stis
2022 1423 2128 1481 pu·

188 1509 376 1570 gnare
400 1491 703 1569 aliquando
731 1510 900 1570 posse
926 1492 1129 1551 dixerit
1150 1490 1358 1572 (neque
1379 1494 1527 1552 enim
1548 1493 1600 1552 ei
1624 1493 1712 1552 fas
1738 1490 1887 1574 erat)
1909 1490 2125 1561 sed'ea,

189 1597 330 1658 qnae
359 1580 683 1640 viderentur
706 1582 881 1641 utilia.
961 1582 1120 1640 Nihil
1146 1602 1284 1648 vero
1310 1583 1465 1651 utile,
1496 1573 1651 1661 quod
1689 1602 1806 1656 non
1838 1582 1999 1643 idem
2018 1583 2125 1648 ho·
2156 1588 2192 1642 6

189 1676 460 1728 nestum:
499 1670 639 1731 nihil
676 1671 996 1741 honestum,
1025 1670 1200 1748 quod,
1220 1691 1345 1741 non¹
1370 1672 1524 1731 idem
1563 1672 1701 1740 utile
1730 1671 1833 1739 sit,
1861 1690 2019 1750 saepe
2041 1679 2123 1731 te-

187 1765 417 1820 statur:
458 1766 746 1839 negatque
770 1760 1199 1839 ullampestem
1233 1761 1511 1839 majorem
1535 1760 1594 1818 in
1619 1760 1795 1829 vitam
1834 1760 2128 1820 hominum

188 1847 482 1917 invasisse,
508 1867 682 1926 quam
708 1868 906 1907 eorum
932 1850 1269 1927 opinionem,
1292 1849 1391 1926 qui
1415 1849 1523 1907 ista
1550 1843 1926 1908 distraxerint.
2007 1850 2125 1908 Ita-
2154 1848 2190 1910 ’ἵ

190 1956 309 2015 que
346 1956 463 1997 non
500 1944 568 1997 ut
606 1938 910 2016 aliquando
936 1945 1412 2017 anteponeremus
1438 1937 1600 1998 utilia
1636 1937 1903 2005 honestis,
1931 1936 2034 1996 sed
2060 1944 2128 1998 ut
2158 2013 2167 2022 Ι

190 2044 266 2085 ea
306 2026 426 2084 sine
471 2044 661 2085 errore
704 2027 1161 2106 dijudicaremus,
1189 2027 1239 2085 si
1264 2026 1495 2105 quando
1532 2026 1876 2104 incidissent,
1903 2025 2128 2084 induxit
2192 2093 2199 2099 ⁸
2250 2095 2263 2114 .

190 2133 341 2183 eam,
357 2134 489 2193 quae
504 2115 793 2175 videretur
811 2135 956 2184 esse,
974 2136 1088 2174 non
1104 2135 1235 2193 quae
1256 2122 1425 2183 esset,
1442 2115 1894 2194 repugnantiam.
1958 2114 2125 2180 Hane
2155 2121 2192 2174 8

189 2203 369 2284 igitur
394 2212 618 2283 partem
642 2206 902 2266 relietum
929 2205 1304 2284 explebimus,
1324 2205 1491 2264 nullis
1519 2204 1889 2273 adminiculis,
1901 2204 2030 2273 sed,
2060 2211 2129 2266 ut

193 2293 419 2363 dieitur,
461 2295 647 2356 Marte
686 2302 898 2354 nostro.
981 2295 1186 2373 Neque
1230 2295 1397 2354 enim-
1423 2295 1726 2373 quicquam
1769 2301 1858 2353 est
1901 2294 1974 2352 de
2002 2295 2124 2355 hae
2154 2301 2190 2354 9
2268 2318 2275 2326 ·

193 2390 366 2462 parte
387 2391 520 2461 post
537 2384 860 2450 Panaetium
881 2384 1244 2462 explicatum,
1264 2375 1420 2463 quod
1438 2385 1669 2463 quidem
1693 2384 1832 2443 mihi
1852 2386 2124 2463 prebare-

191 2480 310 2541 tur,
338 2473 418 2532 de
437 2473 522 2541 iis,
552 2493 685 2551 quae
713 2473 773 2531 in
787 2492 1000 2532 ‚manus
1026 2492 1182 2532 meas
1208 2474 1485 2568 venerint.
1544 2545 1557 2554 ἱ
1622 2514 1635 2529 ι

272 2651 446 2709 VIII.
478 2650 628 2708 Cum
654 2650 828 2729 igitur
853 2651 1043 2728 aliqua
1069 2651 1287 2728 speeies
1313 2649 1571 2708 utilitatis
1593 2648 1823 2726 objecta
1843 2654 1949 2716 est,
1972 2667 2124 2710 eom·-

191 2734 409 2798 moveri
432 2754 664 2799 necessi>
692 2747 812 2798 est:
851 2740 958 2797 sed
985 2740 1048 2807 si,
1080 2759 1211 2816 cum
1227 2739 1492 2808 ,animum
1519 2737 1844 2806 attenderis,
1874 2738 2143 2816 turpitu--

191 2828 387 2887 dinem
412 2828 607 2898 videas
634 2828 965 2905 adjunctam
992 2829 1044 2886 ei
1067 2829 1167 2896 rei,
1195 2847 1329 2905 quae
1355 2828 1603 2905 speeiem
1639 2827 1892 2887 utilitatis
1910 2828 2123 2894 ‘attule-

190 2917 285 2985 rit,
313 2926 446 2992 tum*
465 2936 578 2976 non
615 2917 828 2975 utilitas
867 2917 1234 2995 relinquenda
1273 2924 1378 2985 est,
1408 2917 1511 2975 sed
1548 2917 1995 2996 intelligendum,
2023 2917 2124 2977 ubi

192 3006 493 3084 turpitudo
517 3006 607 3074 sit,
635 3006 713 3066 ibi
735 3005 1040 3065 utilitatem
1064 3025 1189 3065 esse
1214 3026 1329 3066 non
1355 3023 1540 3084 posse.
1613 3008 1832 3078 Quodsi
1866 3007 2006 3065 nihil
2033 3013 2123 3064 est
2151 3012 2188 3066 2

190 3102 316 3155 tam
342 3101 540 3154 eontra
577 3103 856 3163 naturam,
885 3114 1059 3173 quam
1102 3096 1398 3173 turpitudo
1427 3096 1613 3174 (reeta
1656 3087 1806 3154 enim
1833 3102 1892 3153 et
1919 3114 2122 3153 eonve-
2148 3125 2155 3128 ·

189 3184 406 3243 nientia
432 3185 502 3242 et'
517 3184 833 3244 constantia
857 3190 1061 3244 natura
1086 3184 1389 3252 desiderat,
1418 3191 1869 3261 aspernaturque
1899 3190 2122 3240 eontra·

190 3271 301 3351 ria)
328 3273 583 3350 m'hilque
610 3279 730 3329 tam
756 3273 1072 3334 seeundum
1098 3280 1377 3340 naturam,
1404 3292 1583 3350 quam
1608 3272 1855 3338 utilitas3
1886 3277 2039 3328 certe
2065 3270 2124 3329 in

190 3362 399 3421 eadem
424 3379 488 3440 re
515 3362 727 3419 utilitas
754 3369 813 3420 et
840 3362 1137 3440 turpitudo
1178 3380 1303 3420 esse
1340 3380 1454 3418 non
1494 3366 1701 3438 p'otest.
1736 3425 1743 3432 ,
1784 3359 2045 3435 Itemque
2073 3359 2122 3417 si
2149 3365 2186 3418 3

190 3451 270 3510 ad
297 3452 657 3509 honestatem
683 3452 801 3509 nati
840 3470 1054 3519 sumuS,
1288 3457 1391 3507 aut
1417 3449 1536 3507 sola
1577 3446 1898 3530 expetenda
1924 3453 2028 3515 est,
2056 3456 2152 3506 ut.

190 3537 404 3599 Zenoni
430 3540 632 3600 visum
642 3547 747 3607 est,
776 3547 877 3598 aut
917 3547 1070 3602 certe
1109 3559 1145 3597 o
1304 3509 1553 3617 {fidere
1595 3537 1820 3618 gravior
1861 3536 2126 3595 habenda

191 3647 370 3710 quam
388 3628 607 3707 reliqua
622 3629 832 3699 omnia,
843 3628 1003 3707 quod
1022 3627 1320 3688 Aristoteli
1346 3628 1567 3714 placet3
1593 3641 1823 3690 necesse
1843 3632 1949 3695 est,
1967 3625 2124 3705 quod
