2592 4142
385 268 464 332 '12
1222 288 1301 327 nn
1327 288 1580 328 omens

437 414 442 419 ’
489 423 579 476 est
596 416 762 485 enim,
779 419 951 493 qua'm
966 416 1343 492 eloquentiam
1360 415 1627 498 dicimus)
1644 437 1658 484 ;
1674 413 1789 475 'sed
1808 426 1996 476 tamen
2013 418 2240 479 difficile
2257 419 2446 482 dictu

473 513 594 573 est,
622 511 834 583 quanto
860 523 1031 583 opere
1059 505 1315 563 conciliet
1341 506 1557 564 animos
1594 507 2272 587 comitas-affabilitasque
2301 529 2439 568 ser-

409 601 462 658 „2
488 595 686 655 monis.
747 594 960 652 Extant
987 594 1262 671 epistolae,
1292 601 1353 652 et
1377 595 1629 673 Philippi
1656 595 1730 653 ad
1758 596 2167 666 Alexandrum,
2198 605 2262 656 et
2290 600 2436 656 An-

489 684 680 761 tipatri
691 683 766 740 ad
789 682 1190 750 Cassandrum,
1209 689 1268 739 et
1284 683 1560 761 Antigoni
1572 684 1654 741 -ad
1673 684 2005 763 Philippum
2025 687 2217 754 filium,
2238 689 2435 747 trium

488 771 1070 852 prudentissimorum,
1104 769 1206 850 (sic
1238 771 1388 828 enim
1418 772 1784 849 accepimus,)
1814 775 2022 850 quibus
2055 776 2429 853 praecipiunt,

488 869 558 946 ut
600 861 850 920 oratione
889 860 1137 940 benigna
1181 860 1556 920 multitudinis
1595 861 1809 919 animos
1830 862 1926 921 ‘ad
1973 863 2431 924 benivolentiam

424 958 460 1011 3
489 951 751 1018 alliciant,
772 950 1087 1027 militesque
1111 949 1323 1008 blande
1343 947 1684 1027 appellando
1704 950 1989 1012 deliniant.
2046 954 2190 1023 Quae
2211 961 2428 1013 autem

489 1041 547 1100 in
571 1039 940 1108 multitudine
958 1057 1089 1097 cum
1121 1037 1476 1096 contentione
1514 1031 1759 1097 habetur
1783 1040 1978 1108 oratio,
2008 1060 2079 1100 ea
2104 1060 2260 1120 saepe
2287 1044 2427 1102 uni-
2554 1035 2555 1054 ³

423 1134 463 1190 4
489 1145 711 1191 versam
737 1129 961 1189 excitat.
1016 1127 1230 1206 Magna
1248 1134 1338 1185 est
1364 1127 1513 1184 enim
1531 1127 1827 1186 admiratio
1846 1131 2074 1207 copiose
2099 1132 2426 1208 sapienter·
2500 1121 2505 1125 ⁴

490 1240 602 1299 que
628 1215 900 1280 dicentis:
944 1236 1130 1295 quem
1154 1216 1250 1294 qui
1289 1215 1544 1284 audiunt,
1566 1216 1889 1296 intelligere
1923 1219 2094 1277 etiam
2121 1227 2180 1278 et
2207 1240 2425 1298 sapere

423 1309 622 1389 5plus
666 1327 840 1386 quam
886 1314 1103 1368 ceteros
1149 1305 1505 1366 arbitrantur.
1589 1305 1652 1364 Si
1697 1325 1832 1369 vero
1870 1307 2016 1366 inest
2060 1309 2119 1366 in
2156 1310 2424 1369 oratione

487 1398 663 1455 mixta
699 1395 994 1454 modestiae
1019 1394 1305 1496 gravitas,
1332 1394 1469 1453 nihil
1495 1394 1877 1454 admirabilius
1903 1397 2022 1455 fieri
2050 1391 2273 1474 potest;
2309 1411 2429 1457 eoc‘

423 1493 459 1547 6
487 1505 600 1564 que
624 1485 825 1564 magis,
854 1483 903 1542 si
928 1501 997 1542 ea
1021 1489 1156 1541 sunt
1193 1482 1251 1541 in
1283 1482 1666 1546 adolescente.
1748 1484 1885 1555 Sed,
1914 1505 2047 1545 cum
2090 1486 2204 1545 sint
2241 1488 2414 1589 plura

487 1592 790 1634 causarum
824 1591 1047 1652 genera,
1079 1589 1211 1649 quae
1250 1570 1630 1650 eloquentiam
1671 1571 2008 1644 desiderent,
2036 1575 2423 1653 multiquein

485 1670 679 1723 nostra
704 1682 766 1722 re
792 1662 1022 1741 publica
1041 1660 1431 1724 adolescentes
1450 1669 1510 1720 et
1528 1662 1685 1740 apud
1705 1663 1945 1741 judices,
1968 1670 2028 1721 et
2047 1664 2202 1742 apud
2223 1684 2418 1743 popu-

481 1753 623 1823 lum,
649 1759 713 1812 et
738 1751 894 1830 apud
920 1757 1192 1808 senatum
1211 1749 1452 1810 dicendo
1478 1751 1717 1826 laudem
1736 1752 1980 1816 assecuti
2005 1753 2133 1821 sint,
2160 1754 2420 1820 maxima

422 1844 457 1904 ’7
486 1851 575 1903 est
600 1841 895 1902 admiratio
919 1841 977 1910 in
998 1840 1259 1920 judiciis:
1303 1860 1546 1918 quorum
1572 1841 1715 1900 ratio
1741 1841 1956 1919 duplex
1981 1849 2085 1901 est.
2153 1842 2309 1901 Nam
2337 1862 2419 1901 ex

485 1928 839 2000 accusatione
858 1937 920 1990 et
939 1930 1260 1991 defensione
1280 1935 1534 1989 constat:
1562 1943 1802 2008 quarum
1827 1931 1934 2006 etsi
1958 1930 2296 1990 laudabilior
2320 1939 2419 1991 est

422 2031 459 2084 8
487 2021 758 2091 defensio,
789 2028 981 2081 tamen
1020 2021 1191 2079 etiam
1227 2019 1512 2078 accusatio
1539 2020 1780 2098 probata
1806 2011 2063 2098 persaepe
2090 2026 2203 2079 est.-
2275 2019 2416 2079 Dixi

487 2111 659 2191 paulo
684 2117 815 2170 ante
835 2110 917 2170 Jde
945 2105 1169 2169 GrassO.
1249 2108 1418 2167 Idem
1456 2108 1594 2168 fecit
1630 2107 1957 2167 adolescens
1992 2108 2072 2167 M.
2100 2109 2407 2169 Antonius.

486 2200 672 2259 Etiam
697 2200 765 2258 P.
785 2198 1024 2276 Sulpicii
1048 2197 1427 2276 eloquentiam
1451 2198 1736 2256 accusatio
1760 2196 2076 2267 illustravit,
2100 2217 2233 2257 cum
2256 2200 2405 2257 sedi-

486 2290 693 2347 tiosum
719 2294 780 2346 et
804 2277 1060 2348 inutilem
1087 2288 1284 2356 civem,
1316 2286 1381 2347 O.
1410 2286 1762 2354 Norbanum,
1790 2286 1848 2345 in
1868 2286 2145 2365 judicium
2163 2288 2405 2349 vocavit.

421 2386 459 2439 9
487 2377 605 2437 Sed
644 2377 754 2436 hoc
780 2375 1010 2454 quidem
1048 2371 1163 2435 non
1202 2383 1290 2435 est
1327 2394 1482 2454 saepe
1520 2375 1859 2443 faciendum,
1887 2394 1994 2435 nec
1996 2391 2275 2458 unquam
2294 2375 2406 2434 nisi

421 2475 426 2486 “
484 2474 587 2527 aut
623 2466 705 2525 rei
742 2465 988 2545 publicas
1028 2484 1215 2534 causa,
1244 2471 1314 2523 ut
1346 2464 1401 2533 ii,
1431 2482 1574 2542 quos
1600 2471 1732 2522 ante
1759 2464 1911 2533 dixi,
1934 2449 2055 2523 aut
2079 2464 2400 2534 ulciscendi,

482 2564 551 2627 ut
575 2553 693 2617 duo
718 2555 978 2624 Luculli3
1018 2561 1120 2614 aut
1146 2553 1456 2633 patrocinii,
1478 2559 1546 2611 ιιι
1569 2572 1675 2614 nos
1702 2573 1807 2630 pro
1834 2543 2052 2621 Siculis,
2076 2572 2180 2631 pro
2202 2553 2404 2612 Sardis

482 2647 544 2705 in
568 2646 816 2712 Albucio
842 2643 1045 2705 Julius.
1113 2644 1185 2702 In
1210 2642 1533 2702 accusando
1560 2642 1729 2701 etiam
1757 2641 1855 2701 M'.
1883 2642 2137 2722 Aquillio
2162 2642 2230 2702 L.
2258 2642 2404 2701 Fufii

383 2740 458 2794 10
486 2736 711 2812 cognita
736 2734 1011 2798 industria
1035 2741 1142 2793 est.
1200 2732 1396 2791 Semel
1416 2731 1608 2810 igitur,
1631 2738 1732 2789 aut
1758 2749 1870 2789 non
1898 2747 2052 2808 saepe
2073 2736 2243 2792 certe.
2300 2731 2402 2789 Sin

485 2823 609 2890 erit,
640 2823 732 2880 cui
769 2815 1093 2879 faciendum
1134 2821 1209 2879 sit
1247 2821 1473 2898 saepius‚
1501 2820 1585 2879 rei
1622 2820 1868 2897 publicae
1895 2815 2110 2880 tribuat
2139 2819 2253 2877 hoc
2275 2838 2400 2878 mu·

482 2909 648 2978 neriS,
665 2910 840 2987 >cujus
865 2909 1111 2968 inimicos
1137 2909 1330 2968 ulcisci
1350 2909 1582 2986 saepius,
1599 2925 1714 2967 non
1739 2916 1828 2966 est
1852 2907 2398 2987 reprehendendum.

382 3005 454 3061 11
485 2997 695 3057 Modus
732 3005 925 3058 tamen
962 2996 1127 3057 adsit.
1134 3011 1170 3034 Ἀ
1209 2998 1353 3058 Duri
1388 2998 1537 3057 enim
1561 2997 1818 3066 hominis,
1845 2997 1938 3055 vel
1965 2996 2153 3074 potius
2177 2996 2273 3054 vix
2296 2996 2398 3055 ho·

381 3096 456 3151 12
481 3088 661 3158 minis
683 3085 920 3156 videtur,
943 3086 1257 3166 periculum
1277 3086 1519 3165 capitis
1502 3107 1522 3145 1
1523 3086 1940 3234 &w
2029 3085 2071 3143 d
2099 3104 2230 3144 cum
2255 3086 2399 3163 peri-

483 3177 782 3239 culosum'
764 3176 873 3256 ipsi
893 3183 999 3246 est,
1020 3182 1147 3235 tum
1173 3175 1345 3235 etiam
1366 3175 1557 3234 sordid
1992 3172 2398 3244 ,committere,

481 3273 552 3327 ut
575 3273 872 3328 accusator
896 3266 1218 3330 nominerez
1257 3264 1418 3368 quod
1446 3265 1684 3342 contigit
1709 3265 1793 3344 M.
1819 3264 2018 3331 Bruto,
2047 3281 2271 3320 summo
2295 3280 2395 3340 ge·

482 3375 618 3415 nere
658 3363 812 3423 nato,
841 3356 989 3415 illius
1032 3356 1162 3423 filio,
1191 3354 1290 3432 qui
1327 3354 1470 3432 juris
1511 3353 1684 3412 civilis
1718 3353 1776 3411 in
1811 3352 2006 3430 primis
2033 3351 2250 3428 peritus
2273 3350 2397 3411 fuit.

382 3450 455 3504 13
477 3445 684 3524 Atque
710 3444 881 3504 etiam
908 3444 1017 3503 hoc
1047 3450 1403 3522 praeceptum
1431 3442 1596 3500 officii
1623 3441 1921 3520 diligenter
1959 3439 2270 3498 tenendum
2293 3447 2395 3508 est,

473 3552 557 3591 ne
576 3552 745 3610 quem
765 3551 1020 3609 unquam
1035 3533 1389 3602 innocentem
1412 3531 1628 3609 judicio
1647 3530 1846 3612 capitis
1868 3546 2149 3588 arcessas:
2179 3527 2238 3586 id
2254 3528 2398 3587 enim

386 3625 459 3681 14
486 3622 605 3680 sine
624 3620 835 3698 scelere
855 3621 975 3686 fieri
999 3620 1158 3679 nullo·
1183 3626 1356 3699 pacto
1378 3626 1588 3698 potest.
1645 3619 1799 3684 Nam
1817 3618 1958 3696 quid
1976 3623 2068 3678 est
2092 3623 2216 3677 tam
2239 3616 2398 3700 inhu-

827 3779 862 3806 Ο
