2592 4142
913 329 920 334 .
952 245 1124 311 mma
1145 271 1235 312 111.
1318 268 1453 312 OAP.
1482 270 1578 311 xv.
2143 254 2258 310 10³

218 398 406 460 multa
418 399 448 458 7
476 399 762 478 impetrat.
818 399 972 474 Emit
985 400 1160 470 homo
1176 399 1419 478 cupidus
1433 405 1496 458 et
1509 397 1765 478 locuples
1781 397 1941 467 tanti,
1959 395 2173 475 quanti

220 489 476 567 Pythius
500 489 698 557 voluit,
728 496 789 548 et
828 490 965 548 emit
1002 490 1326 554 instructos,
1354 513 1365 516 -
1409 489 1834 556 Nomina-facit,
1856 487 2155 567 negotium

219 579 465 638 conficit.
547 578 757 638 Invitat
774 579 985 638 Canius
1009 580 1283 657 postridie
1304 579 1606 639 familiares
1625 598 1776 637 suos.
1822 578 2013 637 -Venit
2028 578 2155 656 ipse
2183 582 2221 637 8

217 676 466 728 mature.
546 669 840 728 Scalmum
866 670 1088 748 nullum
1108 669 1280 738 videt,
1342 670 1561 739 Quoerit
1584 689 1655 727 ex
1675 668 1931 747 proximo
1950 667 2152 737 ⁷cicino,

216 778 361 817 num
404 758 559 817 ferioe
600 759 867 836 quoedam
910 759 1259 837 piscatorum
1302 766 1510 826 essent,
1537 757 1695 837 quod
1722 778 1821 817 ees
1861 759 2046 817 nullos
2062 757 2153 816 vi-

216 848 404 907 deret.
486 848 546 906 N
547 849 695 917 ullae
724 848 879 926 quod
906 849 1101 918 sciam,
1129 849 1223 912 ille
1265 848 1469 926 inquit,
1495 849 1598 907 sed
1640 848 1732 907 hic
1773 847 1978 927 piscari
2014 846 2156 908 nulli

217 938 443 1000 solent.
470 936 666 1020 itaque
681 937 805 996 heri
823 938 1088 1008 mirabar,
1113 938 1256 1019 quid
1271 938 1589 997 accidisset.
1671 936 2026 1002 Stomachari
2043 938 2152 996 Oa.-

216 1027 366 1085 niuS.
450 1027 570 1086 Sed
587 1027 725 1104 quid
742 1027 993 1087 faceret.
957 1029 1000 1070 9
1029 1027 1347 1090 Nondum
1367 1028 1515 1086 enim
1535 1027 1838 1105 Aquillius,
1861 1027 2078 1106 collega
2094 1033 2156 1086 et
2182 1032 2219 1085 9

217 1116 510 1175 familiaris
549 1136 731 1186 meus,
760 1085 1078 1196 protulerat
1103 1117 1178 1176 de
1206 1117 1341 1176 dolo
1373 1117 1523 1176 malo
1562 1117 1850 1180 formulas.
1932 1118 2005 1175 In
2030 1116 2151 1200 qui-
2185 1121 2260 1175 10

216 1207 334 1266 bus
377 1206 534 1284 ipsis
562 1226 696 1266 cum
742 1225 816 1265 ex
854 1226 924 1266 eo
947 1215 1331 1285 quoereretur,
1358 1207 1498 1285 quid
1544 1214 1697 1265 esset
1743 1206 1910 1266 dolus
1949 1207 2153 1274 malus,
2222 1231 2231 1238 ·

215 1296 627 1376 respondebat,
645 1316 777 1355 cum
804 1303 958 1356 esset
984 1297 1139 1358 aliud
1165 1297 1513 1365 simulatum,
1533 1296 1689 1355 aliud
1730 1305 1941 1355 act-um.
2024 1296 2154 1354 Hoc

215 1387 456 1465 quidem
481 1405 617 1444 sane
643 1386 946 1455 luculente,
960 1393 1028 1445 ιιι
1053 1387 1128 1446 ab
1154 1386 1381 1456 homine
1408 1387 1592 1465 perito
1612 1386 1929 1447 definiendi.
1993 1386 2153 1466 Ergo
2184 1392 2258 1446 11-

217 1483 282 1536 et
307 1477 555 1554 Pythius
601 1482 662 1535 et
702 1494 900 1535 omnes
942 1476 1100 1535 aliud
1142 1483 1396 1556 agentes,
1426 1478 1607 1547 ali-ud,⁴
1625 1477 1972 1546 simulantes,
2018 1495 2155 1555 per-.

215 1566 340 1634 fidi,
365 1565 629 1644 improbi,
656 1565 934 1636 malitiosi.
1017 1566 1257 1626 Nullum
1282 1561 1457 1646 igitur
1482 1586 1681 1627 eorum
1706 1567 1926 1628 factum
1953 1572 2169 1646 potest-

217 1656 362 1715 utile
390 1674 537 1726 esse,
567 1675 700 1715 cum
726 1656 800 1715 sit
825 1662 917 1715 tot
940 1655 1091 1718 vitiis
1115 1656 1490 1735 inquinatum.

277 1887 282 1892 .
298 1835 434 1895 XV.
462 1834 683 1905 Quodsi
697 1833 1024 1913 Aquilliana
1039 1834 1290 1900 definitio
1309 1854 1446 1896 vera
1466 1842 1572 1903 est,
1585 1853 1661 1893 ex
1679 1835 1833 1894 omni
1848 1835 1968 1894 vita
1981 1834 2155 1893 simu·

216 1925 360 1985 latio
389 1924 876 2002 dissimulatioque
901 1925 1155 1984 tollenda
1182 1931 1287 1985 est.
1370 1925 1465 1983 Ita
1502 1942 1607 1988 nec
1647 1931 1714 1982 ιιι
1754 1930 1910 1983 emat
1934 1923 2154 1993 melius,

220 2034 335 2075 nec
363 2022 433 2074 ut
458 2015 687 2083 vendat,
706 2015 1010 2092 quicquam
1031 2014 1441 2073 simulabit.aut
1459 2013 1834 2092 dissimulabit
1849 2013 1934 2073 vir
1949 2013 2151 2073 bonus.

214 2109 423 2185 Atque
449 2106 556 2164 iste
583 2106 751 2165 dolus
774 2105 959 2164 malus
986 2110 1047 2164 et
1071 2105 1294 2185 legibus
1335 2110 1460 2163 erat
1484 2104 1818 2175 vindicatus,
1856 2103 1951 2182 (ιιι
1975 2103 2157 2164 tutela
2181 2108 2220 2162 2

216 2196 526 2256 duodecim
542 2194 768 2264 tabulis,
783 2195 1226 2273 circumscriptio
1245 2194 1691 2255 adolescentium
1701 2195 1832 2274 lege
1841 2191 2153 2273 Ploetoria‚)

214 2277 1361 2365 ethinelegejudiciisstnquibusadditur
1405 2304 1493 2342 nx
1534 2303 1706 2343 nnn
1754 2302 1971 2344 nous.
2039 2284 2155 2343 Re·
2182 2289 2219 2343 8

214 2376 508 2455 liquorum
532 2381 725 2434 autem
747 2373 1093 2453 judiciorum
1117 2375 1241 2435 hoec
1262 2375 1440 2435 verba
1466 2375 1709 2433 maxime
1736 2374 2053 2433 excellunt:
2094 2374 2155 2432 in

215 2465 456 2525 arbitrio
480 2464 563 2523 rei
586 2464 814 2533 uxoriae,
855 2483 1134 2523 annus
1164 2483 1517 2532 aomos:
1544 2465 1616 2540 *in
1641 2464 1873 2532 fiducia„
1915 2483 2000 2522 ur
2051 2483 2154 2524 IN-

214 2575 363 2614 rna
397 2572 663 2626 ,nonos
716 2572 912 2614 nnus·
960 2572 1212 2613 aaran.
1291 2554 1444 2623 Quid
1463 2554 1644 2632 erge?
1682 2559 1784 2611 aut
1806 2553 1865 2612 in
1890 2571 1978 2621 eo,
1996 2552 2222 2629 quodA

216 2663 495 2704 nauus
548 2653 860 2712 AEou'ms,
905 2650 1097 2721 potest
1114 2643 1233 2702 ulla
1249 2662 1387 2721 pars
1404 2643 1587 2702 inesse
1606 2641 1858 2701 fraudis?
1885 2648 2003 2710 aut,
2023 2661 2156 2703 cum
2228 2695 2233 2700 .

217 2734 433 2798 dicitur
469 2749 694 2792 riv-rna
738 2752 969 2804 nouos
1015 2731 1203 2792 n'nun
1247 2752 1500 2802 nomn,
1527 2731 2156 2812 quicquamagidolose

215 2831 328 2882 aut
351 2823 629 2882 malitiose
656 2829 850 2901 potest
865 2824 893 2882 ‘2
974 2824 1159 2882 Dolus
1186 2830 1381 2892 autem
1407 2822 1593 2882 malus
1611 2823 1672 2881 in
1692 2815 2067 2893 simulatione,
2085 2830 2154 2904 ut
2180 2830 2220 2885 5

217 2911 304 2972 ait
322 2912 628 2991 Aquillius,
649 2912 985 2973 continetur.
1066 2913 1404 2980 Tollendum
1431 2920 1522 2972 est
1546 2914 1719 2993 igitur
1740 2932 1811 2973 ex
1828 2914 2001 2973 rebus
2021 2934 2154 2974 con·

217 3002 516 3063 trahendis
536 3021 703 3061 omne
720 3002 1100 3086 mendficim.
1180 3003 1317 3063 Non
1335 3004 1726 3063 inlicitatorem
1744 3004 2020 3072 venditor,
2039 3023 2155 3062 non
2181 3009 2219 3063 6

216 3092 325 3173 qui
365 3099 566 3151 contra
601 3092 916 3161 reliceatur,
945 3099 1172 3172 emptor
1209 3100 1478 3173 apponet.
1559 3094 1834 3170 Uterque,
1861 3094 1912 3151 si
1936 3094 2012 3151 ad
2040 3092 2154 3151 elo·

218 3182 521 3261 quendum
547 3182 781 3250 venerit,
809 3201 925 3256 non
951 3183 1101 3261 plus,
1123 3202 1296 3261 quam
1323 3182 1517 3251 semel,
1538 3182 1850 3258 eloquetur.
1932 3182 2001 3250 Q.
2031 3181 2151 3259 qul·
2183 3179 2218 3240 '7

219 3272 361 3331 dem
390 3270 665 3340 Scaevola,
694 3272 765 3331 P.
792 3271 879 3341 F„
909 3292 1042 3332 cum
1082 3273 1448 3351 postulasset,
1477 3277 1544 3331 ιιι
1584 3265 1691 3329 sibi
1727 3268 1959 3337 fundus,
1988 3270 2155 3349 cujus

218 3368 450 3441 emptor
488 3368 630 3431 erat,
672 3361 850 3421 semel
891 3362 1250 3429 indicaretur,
1278 3361 1455 3439 idque
1494 3358 1754 3418 venditor
1790 3359 1871 3418 ita
1909 3359 2153 3428 fecisset,

219 3452 385 3519 dixit,
414 3469 479 3510 se
506 3451 685 3529 pluris
713 3452 1024 3510 aestimare:
1065 3451 1286 3511 addidit
1314 3456 1545 3510 centum
1583 3449 1750 3509 milia.
1831 3449 2019 3507 Nemo
2045 3455 2150 3518 est,
2196 3457 2233 3512 8

220 3541 325 3621 qui
365 3541 477 3600 hoc
505 3541 609 3601 viri
646 3541 781 3600 boni
821 3541 997 3600 fuisse
1034 3547 1242 3620 neget3
1283 3539 1570 3619 sapientis,
1597 3545 1842 3619 negant:
1883 3545 1953 3597 ut
1977 3539 2026 3598 si
2048 3539 2153 3599 mi-

219 3630 396 3702 noris,
424 3649 599 3712 quam
638 3631 939 3711 potuisset,
967 3629 1335 3692 vendidisset.
1414 3629 1560 3692 Haec
1586 3629 1762 3710 igitur
1786 3636 1877 3691 est
1901 3629 1998 3691 illa
2022 3648 2152 3712 per-
2180 3635 2218 3692 9
