2592 4142
298 263 413 317 108
1124 279 1201 318 1111
1243 278 1501 332 ormena

334 409 373 462 4
402 405 498 483 qui
524 405 852 474 admiratur,
881 406 929 464 10
955 426 1034 474 00,
1063 407 1203 484 quid
1228 407 1302 465 sit
1328 408 1414 465 vir
1439 408 1640 477 bonne,
1669 407 1884 466 nescire
1908 408 2178 469 fateatur.
2248 410 2343 470 At

399 513 535 553 vero
574 496 624 553 si
648 495 784 572 quis·
799 496 1039 570 voluerit
1063 497 1247 555 -animi
1283 495 1374 556 sui
1412 498 1810 575 complicatam
1847 498 2163 558 notionem-
2177 499 2337 560 evol-

397 603 547 653 vere,
570 585 692 663 jam
732 604 795 644 se
833 586 956 663 ipse
983 585 1205 654 doceat,
1231 603 1367 647 eum
1407 587 1591 664 virum
1632 588 1861 652 bonum*
1886 606 2030 657 esse,
2061 591 2162 668 qui
2199 611 2334 669 pro-

359 711 378 718 »
398 674 487 741 sit,
537 675 741 752 quibus
787 674 1002 753 possit;
1063 685 1267 734 noceat
1293 676 1546 744 ⁸nemini,
1594 676 1721 742 nisi,
1751 676 2051 738 lacessitus
2105 680 2334 759 injuria.

332 771 368 823 5
399 763 552 848 Quid
578 783 719 842 ergo
739 765 767 823 ἱ)
808 764 900 823 hic
932 784 1047 823 non
1080 772 1300 834 noceat,
1330 766 1428 843 qui
1454 765 1705 843 quodam
1731 767 1895 844 quasi
1919 786 2138 827 veneno
2165 771 2334 847 perfi-

396 854 526 922 ciat,
547 861 617 918 ut
635 871 799 918 veros
827 854 1067 913 heredes
1094 861 1337 923 moveat,
1357 855 1416 914 in
1441 875 1638 913 eorum
1662 855 1852 914 locum
1877 857 2000 934 ipse
2021 859 2338 918 succedat?-

331 949 367 1002 6
395 942 530 1002 Non
551 943 727 1024 ‘igitur
749 945 939 1013 faciat,
962 944 1166 1003 dixerit
1191 944 1334 1022 quis,
1364 944 1519 1023 quod
1545 943 1685 1006 utile
1711 946 1801 1013 sit,
1832 946 1988 1023 quod
2016 948 2331 1025 expediat?

395 1034 582 1092 Inimo
622 1034 917 1112 intelligat,
944 1034 1083 1092 nihil
1107 1053 1214 1100 nec
1235 1034 1529 1111 expedire,
1556 1053 1662 1093 nec
1702 1035 1842 1096 utile
1883 1043 2025 1104 esse,
2054 1036 2212 1113 quod
2256 1038 2329 1096 sit

371 1123 688 1201 injustum.
770 1124 900 1183 Hoc
940 1124 1037 1201 qui
1081 1142 1196 1182 non
1235 1122 1512 1192 didicerit,
1562 1125 1746 1183 bonus
1786 1124 1872 1184 vir
1909 1143 2034 1198 esse
2073 1144 2191 1184 non
2229 1135 2334 1204 po-

331 1211 366 1270 '7
394 1212 543 1280 terit.
624 1213 933 1280 Fimbriam
959 1214 1315 1273 consularem
1341 1213 1644 1273 audiebam
1669 1214 1743 1272 de
1770 1220 1932 1292 patre
1957 1220 2156 1273 nostro
2182 1233 2332 1294 puer

388 1301 644 1380 judicem
682 1303 763 1360 M.
793 1302 1023 1366 Lutatio
1058 1303 1306 1362 Pinthiae
1333 1301 1524 1371 fuisse,
1554 1303 1731 1381 equiti
1770 1304 2032 1362 Romano
2058 1324 2197 1363 sane
2224 1301 2330 1365 ho·

394 1399 576 1460 ueste,
608 1410 742 1452 cum
767 1392 816 1449 is
841 1392 1202 1469 sponsionem
1226 1391 1470 1461 fecisset,
1513 1412 1590 1451 m
1627 1412 1754 1451 vra
1790 1411 2026 1452 11011110
2066 1413 2355 1463 000111,-

393 1480 585 1558 itaque
613 1481 665 1540 ei
690 1480 896 1538 dixisse
922 1480 1246 1550 Fimbriam,
1276 1500 1340 1539 se
1375 1481 1532 1540 illam
1569 1501 1692 1540 rem
1725 1500 2016 1561 nunquam
2037 1482 2330 1561 judicatu-

392 1588 559 1639 rum3
600 1588 672 1628 ne
709 1576 813 1628 aut
856 1569 1124 1648 spoliaret
1161 1571 1320 1629 fama
1359 1567 1667 1649 probatum
1706 1571 2013 1641 hominem,
2042 1573 2089 1631 si
2128 1581 2332 1634 contra

389 1651 762 1739 judicavisset
777 1678 798 1729 ς
840 1666 954 1724 aut,
981 1658 1246 1722 statuisse
1272 1659 1580 1730 videretur,
1609 1662 1795 1720 virum
1828 1662 2043 1720 bonum
2080 1681 2207 1722 esse
2234 1664 2334 1722 011-

394 1769 583 1827 quem,
612 1769 745 1809 cum
784 1768 854 1808 00
891 1768 983 1809 100
1020 1749 1521 1810 innumerabilibus
1548 1750 1742 1809 officiis
1768 1758 1828 1809 et
1852 1751 2119 1810 laudibus
2151 1753 2333 1811 conti-

330 1846 366 1898 8
394 1846 647 1900 neretur..
721 1839 873 1899 Huic
919 1839 1094 1919 igitur
1131 1840 1250 1900 viro
1289 1841 1458 1909 bono,
1487 1858 1659 1918 quem
1698 1840 1948 1900 Fimbria
1988 1841 2182 1909 etiam,
2211 1860 2332 1900 11011

393 1929 568 1989 1110ᾶο
596 1929 860 1989 Socrates
896 1936 1151 1999 noverat,
1177 1930 1338 1992 nullo
1377 1930 1552 1989 modo
1579 1929 1779 1988 videri·
1800 1936 1992 2008 potest
2018 1930 2355 2008 quicquam‘

279 2039 280 2042 ¹
329 2025 365 2079 9
395 2038 521 2079 0000
546 2020 703 2089 utile,
720 2019 875 2097 quod
902 2037 1016 2078 non
1041 2021 1355 2082 honestum
1376 2021 1464 2079 sit.
1527 2020 1734 2096 Itaque
1759 2020 1889 2080 talis
1908 2019 1994 2077 vir
2018 2038 2133 2079 non
2159 2020 2337 2078 modo

393 2109 600 2192 facere,
630 2109 733 2167 sed
758 2129 833 2167 ne
861 2109 1115 2188 cogitare
1142 2109 1375 2187 quidem
1402 2108 1711 2187 quicquam
1741 2107 1994 2177 audebit,
2023 2108 2180 2186 quod
2218 2128 2336 2167 non

289 2197 606 2270 1001111001,
632 2197 967 2276 praedicare.
1036 2199 1186 2258 Haec
1206 2202 1321 2257 non
1347 2206 1518 2277 turpe
1544 2205 1634 2257 est
1655 2198 1915 2257 dubitare
1941 2197 2333 2277 philosophos,

395 2308 526 2366 quae
576 2307 649 2347 110
688 2281 905 2348 rustici
924 2287 1155 2366 quidem
1201 2288 1465 2348 dubitent
1486 2290 1514 2348 ⁴2
1561 2308 1598 2346 0
1637 2289 1845 2366 quibus
1883 2295 2082 2348 natum
2118 2295 2215 2347 est
2253 2289 2332 2356 id,

395 2377 552 2455 quod
592 2376 716 2456 jam
758 2378 1065 2438 contritum
1103 2384 1193 2436 est
1233 2381 1519 2440 vetustate
1559 2377 1958 2456 proverbium:
2010 2396 2143 2435 cum
2184 2377 2336 2436 enim

396 2467 570 2529 fidem
608 2466 850 2545 alicujus
891 2466 1318 2546 bonitatemque
1357 2468 1613 2536 laudant,
1656 2467 1894 2545 dignum
1941 2484 2066 2526 esse
2113 2467 2332 2548 dicunt,

293 2562 365 2617 11
398 2558 629 2637 quicum
656 2558 715 2619 111
740 2557 989 2617 tenebris
1015 2556 1206 2616 mices.
1289 2555 1418 2616 Hoc
1446 2576 1618 2635 quam
1646 2557 1824 2616 habet
1849 2556 1981 2623 vim,
2012 2555 2119 2613 nisi
2155 2555 2332 2624 illam,

396 2648 535 2707 1111111
573 2648 860 2727 expedire,
889 2648 1046 2726 quod
1085 2667 1201 2706 non
1241 2646 1460 2715 deceat,
1489 2645 1710 2708 etiamsi
1746 2646 1809 2704 id
1848 2645 2030 2723 possis
2057 2645 2215 2703 nullo
2242 2664 2334 2703 re-

295 2741 370 2796 12
398 2736 628 2816 fellente
668 2737 923 2796 obtinere
940 2741 969 2797 ‘1
1049 2737 1320 2805 Videsne,
1350 2738 1460 2796 hoc
1502 2736 1801 2814 proverbio
1841 2754 2025 2820 neque
2056 2734 2217 2812 Gygi
2255 2733 2336 2792 illi

400 2844 570 2903 posse
609 2826 832 2883 veniam
859 2826 999 2894 dari,
1038 2845 1223 2904 neque
1262 2826 1414 2895 huic,
1446 2844 1619 2903 quem
1659 2824 1834 2903 paulo
1874 2830 2015 2883 ante
2043 2823 2336 2901 fingebam

401 2899 713 3000 digitorum
742 2917 1102 2994 percussione
1128 2917 1473 2975 hereditates
1493 2917 1743 2975 omnium
1770 2935 1938 2994 posse
1959 2914 2335 2973 converrere?

400 3006 487 3070 Ut
527 3005 692 3074 enim,
722 3004 882 3083 quod
919 3011 1088 3083 turpe
1116 3011 1220 3075 est,
1249 3005 1311 3068 id
1346 3006 1608 3083 quamvis
1647 3005 1983 3088 occultetur,
2008 3010 2208 3061 tamen
2230 3003 2334 3061 ho-

399 3103 629 3155 nestum
655 3095 796 3155 fieri
801 3095 959 3156 nullo
979 3095 1154 3154 modo
1182 3102 1409 3174 potest:
1452 3096 1551 3164 sic,
1572 3095 1729 3173 quod
1756 3095 2061 3162 honestum
2085 3112 2201 3150 non
2227 3099 2334 3160 est,

400 3187 461 3247 id
500 3187 639 3246 utile
680 3194 748 3247 ut
786 3187 877 3258 sit,
915 3186 1060 3246 effici
1096 3205 1212 3281 11011
1227 3191 1461 3265 potest,
1501 3185 1863 3244 adversante
1879 3190 1940 3242 et
1977 3189 2338 3261 repugnante

369 3299 377 3310 ·
402 3284 626 3337 natura.
1011 3314 1016 3318 -
1095 3297 1110 3316 ·

480 3456 608 3515 XX.
649 3456 739 3515 At
761 3455 932 3525 enim,
956 3474 1087 3515 cum
1114 3413 1428 3554 permagna
1453 3450 1694 3532 praemia
1719 3457 1868 3534 sunt,
1891 3457 1981 3509 est
2007 3407 2180 3507 causa
2205 3466 2343 3550 peo-

404 3545 587 3620 candi.
644 3546 712 3608 O.
734 3546 947 3605 Marius
968 3565 1100 3604 cum
1127 3564 1164 3603 0
1188 3549 1292 3632 spe
1313 3544 1639 3603 consulatus
1664 3543 1834 3629 longe
1864 3541 2108 3606 abesset,
2132 3544 2195 3598 et
2215 3536 2341 3614 jam

405 3634 715 3711 septimum
755 3653 968 3695 annum
1009 3640 1143 3712 post
1187 3640 1504 3713 praeturam
1539 3632 1775 3712 jaceret,
1816 3647 2008 3708 neque
2052 3626 2347 3720 petiturus

2547 341 2550 456 1

2532 491 2550 674 ,ἵ
