2592 4142
954 250 1209 332 mazar.
1244 288 1406 332 ean.
1432 286 1553 331 111.
2206 266 2288 331 n

245 417 370 479 aa
391 424 486 479 est
510 417 860 488 otiosorum3
897 412 1240 479 fructuosior
1264 426 1461 503 autem
1483 412 1779 481 hominum
1805 408 2001 497 generi
2018 420 2081 476 et
2104 412 2184 475 ad

248 508 569 569 claritatem
605 507 1152 587 amplitudinemque
1197 509 1383 587 aptior
1434 527 1651 578 eorum,
1677 508 1789 586 'qui
1833 527 1899 566 se
1941 507 2020 566 ad
2042 508 2182 567 'rem

248 597 543 677 publicam
561 603 622 656 et
640 597 717 669 ad.
736 616 976 677 magnas
994 616 1086 657 res
1101 598 1384 676 gerendas
1397 599 1987 663 accommodaverunt.
2029 597 2181 668 Qua·
2208 599 2247 654 3

248 693 493 766 propter
535 694 598 746 et
637 686 707 746 iis
746 684 984 747 forsitan
1010 678 1454 752 concedendum·
1481 688 1556 746 sit
1591 706 1715 747 rem
1753 688 2043 768 publicam
2067 678 2212 744 non*

250 776 700 856 capessentibus,
729 776 828 881 qui
869 777 1167 841 excellenti
1210 776 1456 857 ingenio·
1473 777 1748 837 doctrinae
1783 797 1909 837 sese
1949 776 2184 836 dedide-

247 872 424 927 runt.
465 865 635 936 31113,
659 864 762 949 qui
787 873 889 925 aut
911 862 1252 927 valetudinis
1287 867 1653 929 imbecilitate
1691 874 1794 929 aut
1826 867 2014 949 aliqua
2050 884 2182 949 gra-

247 957 408 1016 viore
436 975 608 1015 causa
632 955 891 1036 impediti
927 976 965 1014 a
998 976 1062 1016 re
1104 958 1335 1037 publiea
1368 965 1740 1027 recesserunt,
1771 977 1902 1016 cum
1925 956 2054 1038 ejus
2079 958 2181 1017 ad-

247 1045 639 1105 ministrandae
664 1052 1013 1125 potestatem
1039 1046 1162 1106 aliis
1201 1047 1547 1127 laudemque
1576 1047 1964 1107 concederent.
2047 1047 2181 1118 Qui-
2209 1051 2248 1109 4

248 1136 363 1195 bus
389 1143 583 1206 autem
609 1128 740 1203 talis
767 1132 924 1203 nulla
951 1137 1025 1196 sit
1052 1156 1241 1207 causa,
1259 1137 1309 1197 si
1329 1137 1621 1227 despicere
1645 1155 1710 1195 se
1737 1136 1928 1211 dicant
1947 1156 2031 1208 ea,
2053 1156 2185 1216 quae

249 1225 508 1304 plerique
546 1226 840 1295 mirentur,
870 1227 1109 1305 imperia
1136 1233 1197 1286 et
1223 1222 1608 1308 magistratus,
1638 1226 1703 1287 iis
1729 1246 1844 1286 non
1869 1227 2044 1287 modo
2070 1246 2186 1286 non

247 1315 428 1386 laudi,
457 1334 656 1383 verum
696 1304 869 1381 etiam
894 1316 1032 1376 vitio
1071 1316 1328 1375 dandum
1364 1323 1527 1397 puto.
1608 1302 1865 1397 Quorum
1900 1315 2183 1397 judicium
2210 1325 2247 1378 5

249 1404 310 1464 in
335 1422 423 1475 30,
453 1405 609 1484 quod
635 1396 878 1492 gloriam
900 1411 1272 1475 contemnant
1296 1414 1358 1466 et
1382 1427 1490 1486 pro
1515 1389 1688 1475 nihilo
1714 1414 1937 1487 putent,
1958 1407 2182 1468 difficile

250 1495 415 1554 factu
434 1503 523 1557 est
548 1515 663 1555 non
681 1497 963 1575 probare:
992 1497 1097 1559 sed
1113 1498 1379 1557 videntur
1402 1497 1628 1557 labores
1648 1505 1708 1557 et
1734 1498 2040 1569 molestias,
2058 1505 2185 1559 tum

249 1585 627 1655 offensionum
646 1592 706 1645 et
720 1586 1082 1665 repulsarum
1101 1588 1262 1666 quasi
1287 1588 1618 1667 quandam
1602 1586 1965 1668 ignominiam
1983 1587 2184 1647 timere

247 1683 312 1737 et
349 1676 656 1735 infamiam.
739 1676 891 1755 Sunt
913 1677 1210 1755 ,3311133111
1236 1678 1294 1737 in
1318 1680 1492 1737 rebus
1519 1678 1808 1743 contrariis
1847 1698 2052 1757 parum
2077 1677 2185 1738 sibi
2212 1681 2249 1735 6

249 1773 551 1843 constent:
591 1760 947 1846 voluptatem
975 1767 1326 1827 severissime
1354 1759 1735 1841 contemnant,
1763 1768 1823 1826 in
1849 1769 2045 1827 dolore
2072 1768 2186 1826 sint

245 1836 573 1924 molliores:
613 1857 856 1936 gloriam
896 1857 1210 1936 negligant,
1238 1858 1574 1960 frangantur
1611 1857 1875 1916 infamia:
1916 1865 2117 1935 atque
2115 1875 2186 1915 ea

248 1945 486 2025 quidem
525 1966 639 2005 non
665 1947 802 2029 satis
838 1954 1180 2013 constanter.
1246 1946 1421 2005 Sed
1405 1947 1490 2018 113,
1520 1947 1617 2025 qui
1656 1947 1870 2009 habent
1909 1964 1946 2003 a
1983 1954 2189 2007 natura

248 2035 586 2115 adjumenta
611 2022 804 2102 rerum
828 2037 1230 2116 gerendarum,
1254 2036 1483 2121 abjecta
1509 2036 1663 2097 omni
1687 2036 2066 2106 cunctatione,
2085 2035 2186 2105 ad-

245 2125 532 2204 ipiscendi
557 2126 928 2230 magistratus
955 2133 1016 2185 et
1039 2124 1294 2213 gerenda
1320 2145 1413 2195 res
1439 2124 1670 2205 publiea
1696 2133 1801 2185 est.
1883 2126 2008 2186 Nec
2037 2126 2186 2186 enim

248 2215 419 2275 aliter
443 2223 545 2277 aut
569 2217 695 2301 regi
723 2217 939 2286 civitas,
967 2224 1069 2276 aut
1097 2209 1373 2277 declarari
1408 2217 1579 2275 animi
1604 2215 1938 2321 magnitudo
1976 2224 2186 2296 potest.

251 2306 703 2385 Capessentibus
729 2314 923 2366 autem
950 2325 1072 2366 rem
1111 2307 1400 2386 publicam
1440 2306 1578 2366 nihil
1619 2307 1820 2376 13111113,
1849 2326 2021 2385 quam
2059 2306 2185 2389 phi·
2214 2313 2251 2367 8

249 2396 525 2476 Iosophis,
553 2397 712 2456 haud
754 2396 873 2455 scio
913 2416 987 2457 an
1025 2398 1208 2476 magis
1252 2396 1442 2467 etiam,
1470 2403 1531 2455 et
1555 2397 1974 2477 magnificentia
2000 2403 2061 2456 et
2086 2397 2186 2456 de-

251 2486 549 2565 spicientia
574 2486 901 2549 adhibenda
925 2487 1001 2545 sit
1024 2506 1214 2546 rerum
1241 2487 1636 2556 humanarum,
1659 2506 1833 2564 quam
1863 2505 2018 2565 saepe
2039 2486 2185 2557 (1130,

252 2583 315 2636 et
340 2575 718 2655 tranquillitas
759 2576 930 2637 animi
969 2584 1142 2654 atque
1168 2577 1483 2636 securitas:
1526 2576 1574 2634 31
1614 2575 1846 2654 quidem
1882 2594 1995 2657 nec
2038 2575 2188 2634 anxii

252 2666 434 2739 futuri
475 2673 628 2736 sunt,
669 2673 730 2725 et
770 2686 903 2727 cum
945 2667 1226 2746 gravitate
1271 2665 1728 2742 constantiaque
1739 2664 1960 2735 victuri,
2042 2665 2189 2734 Quae
2215 2670 2252 2726 9

253 2757 505 2819 faciliora
529 2763 665 2815 sunt
689 2757 1062 2837 Ρ111103οΡ1113,
1100 2774 1216 2837 quo
1251 2755 1439 2814 minus
1466 2754 1649 2814 multa
1675 2761 1879 2833 patent
1904 2755 1963 2813 in
1986 2774 2189 2815 eorum

254 2847 391 2914 vita,
420 2865 553 2925 quae
586 2844 814 2905 fortuna
849 2842 1033 2915 feriat,
1063 2853 1123 2904 et
1157 2865 1274 2924 quo
1314 2842 1500 2904 minus
1536 2844 1730 2917 multis
1766 2846 1938 2905 rebus
1974 2852 2184 2925 egent:

252 2944 316 2995 et
355 2937 507 3015 quia,
537 2936 585 2994 si
630 2935 769 3014 quid
817 2935 1041 2999 adversi
1087 2935 1325 3005 eveniat,
1367 2942 1490 3001 tam
1533 2936 1786 3017 graviter
1831 2935 2035 2996 cadere
2074 2955 2190 2997 non

252 3032 515 3106 possunt.
598 3026 877 3098 Quocirca
901 3045 1016 3084 non
1042 3026 1159 3084 sine
1188 3045 1359 3097 causa
1383 3026 1631 3106 majores
1657 3033 1847 3085 motus
1874 3026 2189 3084 animorum
2219 3030 2294 3085 10

254 3117 628 3185 concitantur,
656 3117 954 3197 majorque
981 3116 1291 3175 efficiendi
1298 3136 1435 3175 cura
1460 3134 1584 3175 rem
1625 3117 1914 3195 publicam
1941 3115 2186 3194 gerenti-

250 3208 385 3275 11113,
413 3224 588 3284 quam
615 3207 857 3285 quietis;
898 3225 1013 3289 quo
1054 3207 1238 3287 magis
1279 3206 1370 3265 his
1412 3213 1474 3264 et
1517 3204 1855 3284 magnitudo
1892 3209 1982 3262 331
2019 3202 2191 3263 animi

253 3295 582 3357 adhibenda
608 3303 668 3354 et
687 3296 943 3355 vacuitas
969 3296 1043 3354 ab
1070 3296 1394 3376 angoribus.
1475 3294 1578 3358 Ad
1603 3313 1726 3352 rem
1751 3285 2063 3372 gerendam
2088 3297 2291 3355 311-11

254 3393 376 3446 tem
416 3385 515 3464 qui
551 3385 791 3454 accedit,
822 3393 1037 3454 caveat,
1079 3405 1151 3445 ne
1197 3386 1257 3445 id
1296 3383 1472 3444 modo
1519 3383 1853 3452 consideret,
1881 3401 2055 3463 quam
2092 3382 2191 3442 illa

253 3494 347 3535 res
389 3477 633 3534 honesta
659 3477 765 3534 sit:
808 3476 913 3534 sed
939 3476 1128 3544 etiam,
1159 3483 1226 3534 ut
1267 3476 1483 3534 habeat
1524 3472 1799 3532 efficiendi
1835 3473 2186 3541 facultatem.

254 3565 329 3625 In
376 3584 493 3644 quo
538 3565 667 3644 ipso
713 3565 1186 3625 considerandum
1233 3572 1341 3635 est,
1389 3584 1463 3623 ne
1510 3571 1613 3622 aut
1658 3570 1872 3623 temere
1919 3562 2187 3643 desperet
2217 3568 2292 3623 12

253 3661 498 3736 propter
535 3653 840 3736 ignaviam,
866 3660 970 3715 aut
1008 3654 1174 3714 nimis
1219 3655 1472 3715 confidat
1513 3660 1753 3735 propter
1794 3653 2189 3736 cupiditatem.

686 3738 693 3742 .
1120 3746 1121 3749 ,
1233 3742 1315 3805 3*
