2592 4142
789 600 909 700 Μ.
948 605 1225 687 TULLII
1273 607 1692 699 CICERONIS

482 850 773 1027 DE
905 760 2041 1035 oFFICI'Is

785 1188 1252 1273 MARCUM
1314 1166 1752 1311 mmm

983 1620 1201 1674 unna
1243 1586 1529 1675 ramus.

305 1752 362 1816 1.
389 1753 737 1825 Quaem
772 1759 851 1823 te,
891 1750 1152 1813 Marce
1204 1752 1371 1822 fili,
1419 1760 1631 1814 amium
1670 1750 1792 1833 jam
1843 1724 2174 1814 audientem·

228 1844 601 1924 Cratippum,
616 1844 790 1923 idque
821 1842 1086 1912 Athenis,
1109 1842 1403 1902 abundare
1429 1850 1658 1922 oportet
1682 1843 1990 1922 praeceptis
2013 1842 2171 1901 insti-

102 1980 107 1984 .
226 1933 489 2012 tutisque
508 1932 908 2016 philosophiae,
929 1938 1167 2015 propter
1190 1949 1477 2009 summam
1503 1938 1564 1990 et
1590 1931 1840 1990 doctoris
1868 1930 2171 1993 auctorita-

228 2030 354 2084 tem
379 2031 441 2096 et
473 2024 664 2092 urbis3
703 2040 948 2102 quorum
972 2023 1207 2082 alter‘te
1230 2020 1468 2081 scientia
1505 2039 1719 2101 augere
1754 2026 1964 2101 potest,
1991 2019 2173 2079 altera

227 2113 536 2192 exemplis:
577 2119 789 2183 tamen,
826 2119 895 2171 ut
930 2111 1071 2191 ipse
1092 2110 1170 2170 ad
1209 2129 1399 2189 meam
1437 2109 1742 2170 utilitatem
1783 2129 2012 2189 semper
2038 2128 2172 2170 cum

232 2203 461 2263 Graecis
487 2202 690 2263 Latina
728 2201 1012 2281 conjunxi,
1039 2218 1224 2280 neque
1262 2200 1325 2259 id
1362 2201 1424 2260 in
1449 2200 1807 2281 philosophia
1833 2200 2037 2270 solum,
2065 2199 2172 2261 sed

228 2292 409 2352 etiam
433 2292 494 2351 in
518 2291 745 2351 dicendi
778 2289 1177 2351 exercitatione
1214 2290 1360 2359 feci,
1345 2309 1360 2324 ·
1397 2290 1553 2350 idem
1592 2290 1695 2351 tibi
1733 2309 1938 2351 censeo
1961 2290 2170 2351 facien·

229 2381 396 2450 dum,
423 2388 492 2440 ut
518 2400 625 2460 par
649 2380 726 2440 sis
751 2380 810 2439 in
835 2380 1132 2459 utriusque
1163 2379 1429 2439 orationis
1459 2380 1750 2440 facultate.
1833 2380 2021 2451 Quam
2047 2380 2169 2458 qui·
2198 2386 2237 2440 2

230 2471 369 2531 dem
395 2470 473 2530 ad
509 2489 641 2530 rem
652 2488 792 2540 nos,
820 2476 889 2529 ut
922 2469 1198 2539 videmur,
1224 2488 1501 2549 magnum
1538 2469 1833 2528 attulimus
1872 2469 2171 2548 adjumen-

228 2567 360 2620 tum
395 2560 720 2620 hominibus
761 2559 987 2629 nostn‘s,
1013 2558 1083 2619 ut
1119 2577 1235 2618 non
1271 2559 1448 2618 modo
1490 2559 1821 2617 Graecarum
1851 2557 2172 2618 litterarum

229 2650 410 2710 rudes
436 2649 542 2708 sed
580 2650 755 2708 etiam
783 2648 938 2709 docti
975 2648 1334 2727 aliquantum
1372 2666 1435 2707 se
1475 2647 1819 2706 arbitrentur
1843 2647 2085 2726 adeptos
2110 2654 2210 2708 et

229 2739 310 2798 ad
337 2737 647 2799 dicendum
672 2745 733 2797 et
758 2736 836 2797 ad
859 2737 1254 2818 judicandum.
1294 2738 1486 2807 Quam
1506 2737 1582 2797 ob
1608 2755 1730 2796 rem
1749 2735 1933 2797 disces
1959 2744 2027 2797 tu
2045 2738 2167 2818 qui-
2197 2745 2235 2799 8

231 2829 370 2888 dem
398 2827 721 2907 alpi-incipe
740 2826 918 2907 hujus
958 2824 1142 2887 oetatis
1168 2816 1656 2907 philosophorum,
1659 2824 1745 2903 let
1770 2828 1970 2899 disces,
1991 2849 2167 2909 quam
2218 2861 2274 2887 s

229 2917 335 2978 din
358 2919 550 2987 voles·
592 2924 713 2976 tam
740 2915 849 2978 din
880 2923 1076 2977 autem
1101 2917 1248 2977 velle
1275 2916 1530 2986 debebis,
1560 2914 1750 2996 quoad
1778 2925 1856 2989 te,
1884 2924 2167 2997 quantum

232 3007 515 3087 proficias,
542 3026 658 3067 non
682 3007 1019 3086 poenitebit.
1060 3005 1164 3065 sed
1203 3013 1397 3066 tamen
1426 3014 1618 3071 nostra
1641 3007 1855 3112 legens,
1882 3027 1996 3067 non
2020 3009 2167 3068 mul-

229 3105 361 3156 tum
385 3116 425 3154 a
450 3094 848 3175 Peripateticis
876 3095 1229 3166 dissidentia,
1250 3097 1520 3176 quoniam
1555 3097 1780 3176 utrique
1807 3098 2081 3157 Socratici
2103 3104 2170 3157 et

229 3186 511 3245 Platonici
536 3186 801 3245 volumus
827 3204 973 3256 esse,
1000 3185 1076 3244 de
1100 3187 1315 3246 rebus’
1299 3187 1439 3264 1psis
1464 3192 1629 3246 utere
1655 3194 1759 3245 tuo
1793 3186 2027 3265 judicio,
2057 3186 2166 3264 (ni-

229 3275 312 3335 hil
352 3276 502 3334 enim
546 3273 844 3356 impedio,)
885 3275 1197 3335 orationem
1245 3282 1443 3334 autem
1487 3275 1750 3334 Latinam
1788 3275 1995 3334 efficies
2034 3295 2167 3354 pro-

229 3366 385 3425 fecto
410 3365 668 3445 legendis
693 3366 902 3425 nostris
940 3364 1268 3446 pleniorem.
1349 3364 1476 3424 Nec
1514 3382 1651 3424 vero
1686 3364 1800 3424 hoc
1837 3373 2168 3445 arroganter
2189 3372 2233 3428 4
2283 3422 2292 3429 .

232 3454 452 3515 dictum
479 3455 787 3517 existimari
812 3454 1000 3516 velim·
1065 3455 1221 3514 Nam
1248 3453 1688 3533 philosophandi
1712 3454 2004 3515 scientiam
2032 3476 2165 3517 con·

232 3544 443 3604 cedens
479 3544 695 3615 multis,
723 3545 881 3624 quod
927 3551 1018 3604 est
1056 3544 1298 3604 oratoris
1336 3543 1646 3623 proprium,
1687 3551 1842 3625 apte,
1883 3546 2164 3618 distincte,

232 3640 432 3694 ornate
469 3633 693 3723 dicere)
717 3634 986 3715 quoniam
1022 3632 1083 3694 in
1120 3652 1193 3694 eo
1230 3633 1422 3694 studio
1461 3640 1636 3696 aetate
1736 3637 2078 3718 consumpsi,
2118 3636 2168 3698 si
