2592 4142
263 184 340 244 16
1086 144 1169 238 >nin
1210 197 1467 240 ormons

362 327 561 409 pediti,
589 347 735 407 quos
771 314 923 387 tueri
958 327 1187 401 debent,
1219 327 1506 399 deserunt.
1588 326 1793 404 Itaque
1830 345 1929 385 eos
1973 344 2047 385 ne
2074 325 2150 391 ad
2177 345 2308 387 rem

365 419 654 498 publicam
702 434 1030 478 accessuros
1069 418 1302 495 quidem
1348 406 1532 495 putat,
1573 410 1680 475 nisi
1719 424 1965 476 coactos
2019 446 2032 464 ι
2049 417 2309 494 AEquius

363 516 556 568 autem
595 509 825 578 erat,‘id
864 507 1159 568 voluntate
1194 507 1333 566 fieri.
1419 507 1571 564 Nam
1595 507 1705 564 hoc
1746 506 1935 585 ipsum
1974 507 2056 565 ita
2077 508 2307 585 justum

118 592 181 651 -Ι
298 607 334 659 5
364 606 470 668 est,
498 599 655 676 quod
694 605 849 657 reete
888 598 972 667 fit,
1001 597 1049 656 si
1075 602 1164 656 est
1190 597 1585 655 voluntarium.
1659 596 1820 655 sunt
1859 596 2047 666 etiam,
2075 596 2174 673 qui
2199 604 2307 655 aut

130 672 212 783 J·
226 662 555 754 Ofisstudio
606 687 689 746 rei
733 687 1022 749 familiaris
1077 686 1334 767 tuendae,
1375 693 1477 759 aut
1520 685 1653 769 odio
1693 687 1944 764 quodam
1986 686 2304 756 hominum,

362 797 531 836 suum
557 797 620 836 se
645 777 939 857 negotium
965 795 1135 856 agere
1162 777 1374 847 dicant,
1393 794 1469 834 ne
1495 776 1684 835 facere
1711 776 1976 865 cuiquam
2001 777 2307 835 videantm·

361 866 654 945 injuriam:
696 860 794 944 qui
820 867 1001 925 altero
1039 885 1251 945 genere
1275 854 1569 945 injustitiae
1599 872 1822 934 vacant,
1848 865 1907 943 in
1946 867 2189 924 alterum
2216 867 2302 924 in-

364 963 613 1015 currunt.
695 957 981 1015 Deserunt
1026 955 1174 1014 enim
1221 955 1355 1014 vitae
1406 955 1750 1024 societatem,
1793 955 1927 1033 quia
1971 955 2110 1017 nihil
2165 975 2302 1014 con-

334 1045 554 1111 ,ferunt
579 1046 638 1104 in
663 1064 790 1104 eam
816 1045 1009 1113 studii,-
1031 1044 1169 1102 nihil
1196 1034 1570 1124 operae;'nih,il
1591 1045 1953 1103 facultatum.
2162 1114 2167 1123 ⁴
2193 1120 2202 1125 ἱ

298 1140 335 1193 6
445 1135 686 1206 Quando
712 1135 885 1214 igitur
908 1135 1137 1192 duobus
1177 1134 1480 1212 generibus
1519 1134 1806 1212 injustitiae
1846 1133 2167 1213 propositi&
2195 1134 2302 1193 ad-

357 1224 648 1304 junximus
674 1243 877 1284 causas
902 1218 1198 1301 utriusque
1223 1223 1464 1301 generi&
1494 1240 1703 1301 easque
1719 1242 1819 1281 res
1846 1231 1978 1282 ante
2005 1224 2300 1283 constitui-

361 1333 509 1384 muS,
564 1315 773 1391 quibus
822 1313 1045 1391 justitia
1098 1313 1511 1372 contineretur:
1566 1313 1748 1381 facile,
1805 1313 1963 1391 quod
2020 1315 2301 1392 cujusque

363 1404 634 1482 temporis
662 1403 909 1461 officium
935 1403 1026 1470 sit,
1055 1402 1389 1480 poterimus,
1417 1402 1522 1460 nisi
1547 1402 1923 1481 nosmetipsos
1949 1403 2116 1463 valde
2143 1422 2300 1462 ama-

169 1521 229 1545 ·
301 1491 334 1551 7
365 1493 569 1561 bimus,
593 1492 897 1571 judicare-⁸
948 1492 1063 1551 Est
1096 1493 1246 1551 enim
1289 1491 1528 1572 difficilis
1569 1511 1705 1551 cura
1743 1486 1934 1551 rerum
1973 1493 2297 1554 alienarum.

370 1576 731 1659 Quamquam
759 1581 1126 1641 Terentianus
1153 1582 1247 1640 ille
1277 1582 1555 1640 Chremes
1581 1582 1814 1640 humani
1839 1582 1977 1640 nihil
2003 1601 2040 1639 a
2066 1601 2127 1640 se
2165 1583 2299 1643 alie·

364 1693 503 1743 num
520 1664 708 1750 putat.
790 1670 907 1730 Sed
936 1678 1130 1745 tamen
1149 1670 1282 1747 quia
1309 1671 1494 1749 magis
1515 1689 1584 1729 ea
1604 1670 1948 1750 percipimus
1975 1678 2150 1749 atque
2171 1692 2314 1732 sen--

363 1764 553 1829 timus,
596 1779 727 1838 quae
767 1761 931 1820 nobis
968 1761 1108 1839 ipsis
1149 1767 1250 1819 aut
1289 1779 1567 1839 prospera
1605 1768 1707 1819 aut
1732 1761 1970 1823 adversa
2017 1752 2298 1833 eveniunt,

362 1853 535 1931 quam
571 1852 686 1921 illa,
725 1870 856 1929 quae
900 1850 1116 1920 ceteriS,
1157 1869 1288 1929 quae
1343 1850 1506 1928 quasi
1549 1850 1724 1930 longo
1775 1851 2070 1910 intervallo
2127 1850 2299 1911 inter-

299 1949 335 2002 8
357 1944 516 2023 jecto
543 1941 835 2003 videmus:
879 1941 1044 1999 aliter
1071 1940 1145 1999 de
1171 1940 1300 2010 illis,
1323 1959 1391 1999 ac
1418 1941 1492 1999 de
1513 1941 1698 2008 nobis,
1711 1932 2062 2021 judicamus.
2144 1942 2298 2012 Quo-

211 2068 238 2127 Ι
364 2033 512 2092 circa
566 2033 710 2101 bene
760 2030 1130 2108 praecipiunt,
1172 2031 1271 2107 qui
1317 2036 1513 2089 vetant
1558 2030 1860 2108 quicquam
1906 2049 2093 2110 agere,
2141 2032 2300 2110 quod

364 2115 590 2181 dubites
627 2139 856 2196 aequum
882 2120 971 2188 sit,
1001 2138 1093 2176 an·
1113 2119 1386 2196 iniquum.
1490 2120 1761 2197 AEquitas
1800 2120 1949 2181 enim
1981 2121 2136 2180 lucet
2173 2122 2302 2201 ipsa

263 2194 289 2248 ἱ
364 2230 470 2290 per
497 2229 577 2278 se,
607 2208 888 2281 dubitatio
917 2207 1321 2287 cogitationem
1345 2208 1623 2289 significat
1648 2211 1889 2289 injuriae.
1919 2233 1926 2237 ·

442 2390 517 2451 X.
558 2387 677 2447 Sed
728 2387 984 2447 incidunt
1043 2406 1196 2466 saepe
1251 2396 1529 2467 tempora,
1572 2409 1704 2448 cum
1752 2409 1839 2460 ea,
1880 2409 2011 2469 quae
2047 2391 2301 2451 'maxime

363 2479 628 2540 videntur
654 2478 830 2557 digna
856 2497 983 2536 esse
1006 2477 1164 2556 justo
1190 2479 1436 2547 homine,
1457 2498 1655 2557 eoque,
1678 2499 1850 2558 quem
1876 2480 2058 2539 virum
2084 2480 2300 2559 bonum

366 2569 623 2637 dicimus,
654 2575 1075 2628 commutantur
1113 2567 1369 2646 fiuntque
1416 2570 1713 2639 contraria,
1741 2577 1810 2628 ut
1848 2569 2089 2630 reddere
2123 2571 2301 2650 depo-

367 2660 556 2727 situm,
583 2660 769 2717 facere
797 2658 1172 2736 promissum:
1213 2678 1463 2736 quaeque
1490 2659 1778 2738 pertinent
1799 2659 1876 2718 ad
1901 2661 2199 2720 veritatem
2241 2667 2302 2720 et

301 2754 337 2807 2
366 2749 441 2807 ad
459 2748 648 2816 fidem,
672 2767 740 2806 ea
759 2751 1001 2826 migrare
1021 2749 1309 2807 interdum
1337 2757 1400 2807 et
1421 2768 1537 2807 non
1561 2768 1787 2809 servare
1806 2750 1873 2808 fit
1892 2750 2131 2829 justum.
2187 2752 2299 2811 Re-

364 2838 498 2897 ferri
518 2837 666 2896 enim
686 2836 853 2897 decet
872 2837 949 2895 ad
975 2855 1061 2906 ea,
1078 2855 1211 2915 quae
1237 2838 1405 2915 posui
1435 2839 1726 2917 principio,
1747 2840 2120 2899 fundamenta
2134 2836 2301 2919 justi-

363 2927 509 2986 tiae:
554 2928 818 3005 primum‚
837 2933 904 2984 ut
930 2946 1002 2985 ne
1030 2927 1122 2985 cui
1147 2934 1452 2997 noceatur3
1495 2928 1718 2998 deinde,
1745 2936 1815 2987 ut
1841 2931 2127 2988 communi
2140 2930 2301 3000 „utili-

301 3025 337 3078 3
365 3018 472 3076 tati
506 3018 797 3077 serviatur.
879 3017 966 3074 Ea
992 3036 1126 3075 cum
1152 3024 1412 3096 tempore
1430 3024 1891 3089 commutantur,
1920 3026 2304 3078 commutatur

366 3107 631 3176 officium,
673 3113 735 3167 et
776 3125 893 3165 non
939 3126 1166 3185 semper
1212 3114 1302 3167 est
1348 3107 1520 3175 idem.
1557 3170 1562 3175 ,
1599 3108 1803 3167 Potest
1850 3107 2001 3167 enim
2037 3100 2303 3168 *accidere

365 3199 708 3277 promissum
728 3194 961 3274 aliquod
982 3203 1042 3256 et
1070 3205 1432 3269 conventum,
1449 3205 1517 3257 ut
1541 3198 1602 3257 id
1628 3198 1774 3258 effici
1800 3199 1875 3257 sit
1898 3198 2206 3258 inutile‘vel
2234 3198 2301 3268 ei,

301 3292 339 3346 4
367 3287 459 3347 cui
503 3288 844 3366 promissum
891 3287 982 3357 sit,
1021 3286 1114 3346 vel
1161 3287 1231 3357 ei,
1271 3287 1371 3365 qui
1418 3288 1756 3367 promiserit.
1837 3288 1992 3347 Nam
2035 3288 2101 3358 si,
2130 3295 2200 3346 ut
2247 3288 2306 3347 in

365 3377 572 3435 fabulis
600 3384 703 3445 est,
733 3377 1059 3455 Neptunus,
1087 3377 1244 3455 quod
1285 3378 1506 3437 Theseo
1536 3379 1890 3456 promiserat,-
1917 3397 2032 3436 non
2057 3377 2303 3448 fecisset,

363 3466 618 3528 Theseus
646 3467 965 3544 Hippolyto
992 3467 1107 3525 filio
1146 3486 1261 3525 non
1300 3474 1453 3526 esset
1492 3469 1746 3529 orbatus.
1825 3468 1918 3525 Ex
1943 3468 2128 3526 tribus
2155 3467 2306 3528 enim

363 3557 596 3641 optatiS,
637 3563 706 3616 ut
743 3555 1024 3625 scribitur,
1063 3556 1200 3629 hoc·
1221 3563 1347 3616 erat
1386 3557 1637 3628 tertium,
1679 3557 1836 3637 quod
1884 3557 1958 3618 de
1998 3555 2302 3637 Hippolyti
