2592 4142
303 246 384 303 52
898 213 917 219 ο
1127 257 1206 298 nn
1247 223 1505 299 omens

406 385 887 449 animadversores
896 385 1184 454 vitiorum,
1204 404 1415 464 magna
1441 398 1600 462 saepe·
1622 382 2009 463 intelligemus
2034 403 2107 444 ex
2126 385 2337 464 parvis.

341 482 378 536 2
405 477 497 536 Ex
514 470 805 535 oculorum
825 476 1048 543 obtutu,
1068 493 1140 533 ex
1165 475 1591 552 superciliorum
1607 480 1713 531 aut
1730 473 2055 532 remissione
2074 481 2179 533 aut
2205 493 2339 534 con-

404 566 695 634 tractione,
736 583 809 622 ex
852 563 1137 633 moestitia,
1174 565 1247 621 e'x
1285 562 1585 632 hilaritate,
1628 582 1701 621 ex
1746 563 1882 631 risu,
1925 581 1997 621 ex
2033 564 2339 637 locutione,

405 673 478 713 ex
496 653 825 722 reticentia,
864 671 935 711 ex
971 653 1327 712 contentione
1353 650 1507 711 vocis
1531 659 1594 711 et
1619 652 2008 721 submissione,
2036 671 2109 711 ex
2135 653 2340 713 ceteris

404 743 677 803 similibus
719 742 883 801 facile
919 741 1325 820 judicabimus,
1355 740 1493 819 quid
1533 758 1732 801 eorum
1772 748 1908 821 apte
1934 743 2051 811 fiat,
2080 742 2222 820 quid
2261 743 2338 802 ab

403 832 585 891 officio
609 838 927 909 naturaque
957 830 1262 913 discrepet.
1589 880 1594 885 .

339 928 376 980 3
483 922 613 991 Quo
638 920 697 978 in
722 938 934 999 genere
960 938 1075 978 non
1095 925 1186 979 est
1210 919 1651 989 incommodum,
1672 918 1842 997 quale
1861 919 2112 998 quidque
2138 939 2339 980 eorum

402 1010 493 1080 sit,
523 1029 595 1069 ex
619 1009 742 1068 aliis
763 1008 1040 1088 judicare,
1059 1016 1143 1078 ut,
1162 1009 1216 1068 si
1240 1008 1380 1087 quid
1399 1008 1678 1068 dedeceat
1700 1010 1760 1068 in
1784 1009 1910 1078 illis,
1938 1010 2182 1069 vitemus
2209 1011 2335 1089 ipsi.

338 1104 376 1157 4
403 1100 498 1159 Fit
523 1099 672 1158 enim
698 1098 888 1157 nescio
914 1098 1220 1175 quomodo,
1250 1106 1319 1157 ut
1342 1097 1523 1175 magis
1562 1098 1622 1156 in
1660 1099 1782 1159 aliis
1818 1116 2133 1168 cernamus,
2162 1119 2337 1178 quam

337 1197 373 1249 5
401 1189 459 1248 in
484 1189 768 1248 nobismet
794 1187 949 1265 ipsis,
968 1187 1017 1245 si
1041 1185 1180 1265 quid
1208 1186 1568 1264 delinquitur.
1638 1188 1845 1265 Itaque
1870 1188 2138 1247 facillime
2166 1190 2336 1248 corri-

399 1285 615 1358 guntur
637 1278 698 1336 in
722 1275 1010 1345 discendo,
1039 1293 1284 1354 quorum
1311 1276 1445 1335 vitia
1483 1276 1774 1335 imitantur
1789 1276 2137 1342 emendandi
2163 1296 2339 1338 causa

400 1366 674 1445 magistri.
1166 1388 1171 1395 1
1369 1430 1372 1433 Ι
2022 1400 2028 1405 .

337 1463 374 1517 6
468 1457 541 1524 ,N
539 1475 605 1515 ec
631 1474 767 1515 vero
810 1455 1058 1519 alienum
1097 1461 1202 1524 est,
1231 1455 1309 1514 ad
1337 1474 1406 1514 ea
1433 1455 1717 1536 eligenda,
1735 1475 1879 1535 quae
1924 1455 2338 1541 dubitationem

399 1546 658 1613 afferunt,
688 1544 959 1603 adbibere
987 1543 1188 1604 doctos
1214 1546 1491 1614 homines,
1517 1546 1613 1605 ‚vel
1639 1546 1813 1605 etiam
1843 1565 1959 1605 usu
1997 1542 2240 1625 peritos,
2256 1555 2332 1617 et,

336 1634 372 1695 ‘7
400 1634 539 1713 quid
563 1635 630 1694 iis
657 1633 732 1692 de
758 1652 986 1712 quoque
1027 1633 1193 1693 officii
1231 1653 1443 1713 genere
1487 1635 1729 1714 placeat,
1756 1636 2065 1712 exquirere.
2089 1694 2096 1698 ,
2148 1636 2336 1715 Major

314 1791 321 1798 ,
401 1723 550 1787 enim
577 1742 710 1802 pars
737 1722 813 1781 eo‘
832 1723 950 1781 fere
978 1722 1186 1787 deferri
1211 1724 1376 1793 solet,
1405 1743 1521 1802 quo
1546 1743 1584 1783 a
1606 1731 1822 1790 natura,
1849 1725 1976 1803 ipsa
2014 1725 2332 1786 deducitur.
2401 1758 2408 1764 ψ

400 1814 473 1872 Iu
497 1815 703 1892 quibus
728 1802 1040 1872 videndum
1067 1788 1182 1882 est,
1211 1832 1326 1872 non
1363 1813 1537 1872 modo
1576 1813 1714 1891 quid
1759 1814 2000 1895 quisque
2049 1814 2348 1892 loquatur,‘

278 1910 285 1933 ¹
399 1904 503 1963 sed
544 1903 716 1963 etiam
761 1902 898 1981 quid
939 1901 1180 1980 quisque
1221 1902 1448 1971 sentiat,
1478 1908 1654 1983 atque
1694 1898 1878 1962 etiamr
1909 1922 2025 1982 qua
2064 1903 2140 1962 de
2166 1923 2338 1964 causa

201 2062 219 2069 ἡ
336 2000 372 2054 8
400 1993 639 2072 quisque
667 1992 889 2050 sentiat.
947 1993 1033 2051 Ut
1052 1992 1202 2051 enim
1222 1992 1487 2070 pictores,
1507 1992 1641 2061 etii‘,
1660 1992 1760 2070 qui
1786 1993 1948 2072 signa
1967 1993 2333 2063 fabricantur,

398 2090 460 2141 et
483 2101 620 2142 vero
646 2081 819 2140 etiam
854 2087 1061 2158 poetae,
1091 2100 1260 2140 suum
1287 2081 1526 2159 quisque
1552 2099 1699 2159 opus
1727 2100 1765 2138 a
1788 2082 1968 2160 vulgo
1994 2082 2337 2143 considerari

71 2140 271 2218 Μ’
282 2148 542 2240 76hu1t‚
571 2177 656 2239 ut,
684 2170 733 2228 si
771 2168 908 2246 quid
945 2166 1355 2247 reprehensum
1402 2171 1477 2229 sit
1514 2189 1552 2227 a
1590 2170 1864 2248 pluribus,
1893 2171 1952 2229 id
1981 2173 2334 2251 conigatur3

203 2269 209 2274 '
398 2261 570 2337 hique
595 2265 655 2317 et
682 2276 893 2325 secum,
923 2264 984 2315 et
1009 2278 1140 2316 cum
1167 2259 1307 2327 aliis,
1336 2259 1476 2337 quid
1502 2259 1562 2317 in
1588 2278 1658 2318 eo
1686 2266 1989 2338 peccatum
2016 2262 2108 2330 sit,
2138 2263 2333 2340 exqui-

399 2354 569 2408 runt:
611 2347 690 2406 sic
718 2342 956 2407 aliorum
979 2346 1194 2424 judicio
1234 2349 1523 2426 permulta
1548 2350 1713 2409 nobis
1741 2356 1802 2407 et
1827 2349 2105 2420 facienda,
2135 2357 2196 2410 et
2220 2371 2336 2413 non

399 2436 675 2505 facienda,
706 2442 766 2494 et
780 2435 1084 2505 mutanda,
1112 2443 1173 2496 et
1198 2437 1536 2516 corrigenda
1565 2445 1716 2502 sunt.

337 2534 374 2586 9
482 2527 628 2596 Quae
677 2544 812 2584 vero
866 2544 1025 2585 more
1076 2533 1324 2605 agentur
1374 2527 1758 2605 institutisque
1811 2527 2084 2599 civilibus,
2140 2528 2216 2588 de
2268 2530 2336 2591 iis

303 2623 375 2676 10
403 2616 539 2676 nibil
568 2621 658 2683 est
677 2613 1141 2695 praecipiendum.
1223 2616 1334 2675 Illa
1360 2616 1509 2675 enim
1537 2617 1662 2695 ipsa
1688 2622 1985 2696 praecepta
2011 2624 2161 2678 sunt.
2207 2619 2334 2678 Nec

403 2723 748 2783 quemquam
786 2704 897 2763 hoc
925 2724 1114 2765 errore
1141 2704 1276 2764 duci
1315 2712 1558 2783 oportet,
1588 2712 1672 2775 ut,
1701 2706 1911 2784 siquid
1939 2707 2204 2766 Socrates
2230 2715 2335 2768 aut

492 2791 735 2870 'stippus
763 2799 961 2851 contra
986 2810 1202 2852 morem
1230 2795 1807 2874 consuetudinemque
1835 2795 2053 2855 civilem
2078 2796 2333 2867 fecerint,

234 2822 332 2941 31
537 2881 651 2939 tive
677 2880 805 2947 sint,
833 2880 986 2947 idem
1013 2881 1119 2939 sibi
1145 2883 1454 2940 arbitretur
1479 2883 1664 2944 licere.
1746 2885 1972 2963 Magnis
1999 2885 2080 2945 illi
2105 2892 2166 2943 et
2193 2886 2334 2945 divi-

401 2971 491 3028 nis
533 2968 695 3028 bonis
739 2969 886 3027 hanc
939 2968 1222 3027 licentiam
1263 2973 1727 3049 assequebantur.
1811 2974 2157 3052 Cynicorum
2193 2993 2335 3034 vero

301 3065 374 3119 12
402 3059 544 3118 ratio
584 3064 707 3116 tota
744 3064 835 3116 est
874 3057 1169 3136 ejicienda.
1253 3059 1361 3125 Est
1387 3061 1536 3120 enim
1563 3062 1787 3121 inimica
1811 3063 2184 3133 verecundiae,
2212 3064 2334 3123 sine

403 3166 519 3227 qua
556 3147 692 3206 nihil
732 3153 953 3205 rectum
991 3165 1116 3205 esse
1162 3155 1372 3226 potest,
1400 3151 1538 3209 nihil
1577 3152 1895 3211 honestum.
1975 3152 2092 3233 Eos
2118 3160 2333 3224 autem,

402 3257 646 3322 quorum
672 3237 791 3296 vita
832 3244 1135 3315 perspecta
1171 3237 1229 3297 in
1258 3239 1444 3300 ‚rebus
1483 3240 1733 3300 honestis
1772 3248 1946 3319 atque
1973 3243 2196 3320 magnis
2222 3250 2340 3313 est,-

402 3327 550 3387 bene
576 3327 652 3384 de
677 3345 740 3384 re
767 3326 995 3403 publica
1021 3326 1343 3397 sentientes,
1373 3346 1441 3387 ac
1468 3329 1613 3388 bene
1639 3331 1872 3388 meritos
1898 3337 2002 3389 aut
2023 3339 2330 3401 merentes,

401 3416 499 3484 sic,
525 3423 594 3475 ut
631 3416 820 3492 aliquo
862 3414 1074 3475 honore
1117 3423 1220 3474 aut
1268 3414 1505 3495 imperio
1544 3418 1795 3487 affectoS,
1809 3418 2124 3478 ,observare
2151 3426 2212 3478 et
2238 3439 2333 3479 co-

366 3503 516 3562 ·lere
542 3504 849 3563 debemus:
890 3503 1138 3563 tribuere
1164 3505 1335 3563 etiam
1374 3507 1619 3584 multum
1658 3508 1970 3567 senectuti:
2016 3508 2219 3567 cedere
2246 3509 2330 3578 iis,

400 3592 500 3669 qui
535 3591 932 3670 magistratum
969 3592 1298 3654 habebunt:
1342 3595 1554 3654 habere
1593 3596 1881 3656 delectum
1920 3597 2055 3658 civis
2081 3604 2143 3659 et
2167 3615 2333 3678 pere·
