2592 4142
1363 84 1418 105 *gr
1571 96 1602 125 λ
1677 68 1706 101 ‚³

1212 130 1279 165 p}
1343 118 1614 165 :ff-,affixst'y

1533 165 1544 173 ι-

991 221 1164 263 mm
1187 222 1233 262 1.
1312 182 1573 263 ὸιῑέιζὲιὶν.
1833 280 1838 283 ,
2206 215 2275 269 21

344 348 521 410 Nam·
548 356 610 409 et
663 348 763 428 qui
809 349 1198 428 gratificantur
1251 350 1515 428 cuipiam,
1565 352 1720 429 quod
1774 350 1923 411 obsit
1974 349 2078 418 im,
2112 350 2203 409 cui
2231 357 2266 408 3

262 442 540 521 prodesse
583 440 729 498 velle
769 440 1081 507 videantur,
1113 458 1225 497 non
1267 440 1519 507 benefici,
1561 459 1748 518 neque
1789 441 2068 509 liberale8‚
2097 439 2210 498 sed·

261 530 562 609 perniciosi
600 534 979 588 assentatores
1000 528 1293 606 judicandi
1320 535 1484 603 sunt:
1527 536 1588 587 et
1613 529 1712 607 qui
1737 530 1858 589 aliis
1884 535 2105 597 nocent,
2134 535 2202 588 ιιι
2243 590 2250 597 ῃ

260 620 322 678 111
346 620 488 678 alios
514 619 776 678 liberales
803 617 932 686 sint,
959 618 1018 676 in
1043 617 1245 676 eadem
1285 625 1421 676 sunt
1458 618 1747 696 injustitia,
1777 626 1845 678 ut
1872 618 1919 677 si
1953 619 2010 677 in
2037 637 2202 677 suam
2350 572 2369 658 1

262 726 388 768 rem
406 709 599 785 ,aliena
625 713 975 766 convertant.
1054 698 1427 765 Sunt‘autem
1452 707 1633 777 multi,
1663 715 1723 767 et
1749 707 1980 785 quidem
2008 708 2201 786 cupidi

262 797 583 876 splendoris
610 801 675 856 et
693 796 909 876 gloriae,
936 796 1035 874 qui
1060 796 1309 875 eripiunt
1325 788 1486 865 aliis,
1513 797 1668 874 quod
1709 797 1830 856 aliis
1869 796 2196 877 largiantur.

260 886 458 965 Hique
496 887 858 955 arbitrantur,
888 904 950 945 se
989 886 1272 965 beneficos
1312 885 1370 944 in
1410 904 1545 944 suos
1583 886 1796 946 amicos
1821 886 2006 946 visum
2029 885 2112 955 iri,
2141 886 2190 944 si

208 1006 219 1012 ·
260 974 615 1056 locupletent
640 995 739 1035 eos
767 993 1109 1054 quacunque
1148 975 1384 1035 ratione.
1468 974 1541 1033 Id
1567 981 1762 1034 autem
1789 982 2011 1034 tantum
2036 976 2202 1035 abest
2296 972 2308 983 “

259 1067 464 1134 offici0,
492 1072 559 1124 ut
584 1065 722 1124 nihil
747 1060 930 1144 magis
957 1064 1145 1123 officio
1169 1063 1351 1142 possit
1390 1082 1516 1122 esse
1542 1063 1899 1125 contrarium.
1981 1063 2196 1122 Viden·
2225 1071 2261 1123 5

258 1154 404 1214 dum
431 1162 521 1213 est
546 1154 737 1233 igitur,
766 1161 834 1213 ut
874 1172 944 1212 ea
981 1153 1320 1215 liberalitate
1344 1159 1592 1225 utamur,
1623 1173 1755 1229 quae
1783 1152 1963 1231 prosit
1988 1153 2195 1221 amiciS,

256 1252 464 1304 noceat
487 1245 711 1304 nemini.
793 1244 984 1314 Quare
1024 1243 1314 1303 L.Su11ae
1357 1249 1416 1302 et
1454 1244 1521 1302 O.
1553 1244 1795 1303 Gaesaris
1831 1192 2461 1346 pecuniam-nffass
2478 1238 2570 1282 “⁶

255 1333 555 1393 translatio
590 1352 626 1391 a
662 1332 834 1413 justis
873 1332 1113 1391 dominis
1153 1332 1245 1395 ad-
1264 1332 1475 1393 8110008
1505 1352 1621 1391 11011
1647 1332 1823 1392 debet
1846 1333 2091 1392 liberalis
2116 1333 2198 1392 vi-

256 1423 398 1483 deri.
479 1423 637 1484 Nihil
663 1429 753 1482 est
780 1422 932 1481 enim
958 1420 1205 1490 Iibe‘rale,
1235 1422 1393 1499 quod
1419 1441 1535 1495 non
1560 1421 1713 1480 idem
1734 1422 1976 1500 justum.
2358 1433 2421 1450 ‘¹’

337 1512 510 1573 Alter
561 1518 684 1571 erat
736 1511 897 1599 locus
951 1509 1241 1579 cautionis,
1289 1529 1362 1569 ne
1413 1511 1733 1590 benignitas
1786 1510 1972 1589 major
2023 1514 2191 1583 esset,
2223 1511 2260 1573 ’1

255 1620 436 1680 quam
473 1601 794 1663 facultates.
844 1588 1050 1670 Quod
1089 1599 1189 1680 qui
1226 1599 1587 1678 benigniores
1613 1600 1814 1658 volunt
1851 1618 1991 1669 esse,
2022 1619 2198 1678 quam

253 1709 351 1751 res
394 1690 626 1793 patitur,
668 1690 916 1791 primum
954 1688 1015 1747 in
1061 1706 1131 1747 eo
1175 1695 1435 1766 peccant,
1478 1689 1636 1767 quod
1676 1688 1930 1767 injuriosi
1967 1696 2102 1748 sunt
2136 1690 2196 1749 in

255 1781 581 1859 proximos.
622 1797 767 1857 quas
806 1778 958 1850 enim
997 1778 1189 1856 copias
1228 1778 1322 1835 his
1362 1785 1421 1836 et
1463 1778 1817 1857 suppeditari
1857 1778 2078 1856 sequius
2104 1787 2195 1837 est

254 1876 319 1929 et
344 1868 601 1947 relinqui,
628 1886 727 1927 eas
754 1867 1104 1927 transferunt
1138 1862 1216 1925 ad
1251 1853 1481 1926 alienos,
1565 1867 1725 1925 Inest
1766 1872 1959 1926 autem
1995 1867 2054 1924 in
2093 1867 2194 1957 tali
2222 1875 2258 1928 8
2338 1913 2345 1920 .

254 1957 595 2019 liberalitate
621 1957 906 2036 cupiditas
931 1955 1283 2034 plerumque·
1294 1954 1553 2033 rapiendi
1579 1961 1637 2013 et
1664 1940 1971 2014 auferendi
1961 1970 2085 2049 per
2102 1950 2192 2014 in-

248 2046 484 2127 juriani,
511 2053 581 2107 ut
619 2046 698 2107 ad
735 2046 1093 2127 largiendum
1137 2051 1450 2124 suppetant
1487 2043 1686 2124 oopiae.
1767 2043 1981 2104 Videre
2001 2024 2198 2105 etiam
2221 2051 2257 2106 9
2365 2070 2376 2075 ·
2417 2082 2426 2095 ,

254 2137 409 2206 licet,
438 2137 741 2215 plerosque
765 2154 882 2195 non
907 2141 1029 2193 tam
1055 2142 1259 2193 natura
1284 2133 1564 2204 liberales,
1592 2152 1766 2213 quam
1792 2133 2040 2211 quadam
2066 2134 2192 2213 glo-

253 2227 342 2285 ria
366 2226 588 2295 ductos,
609 2232 678 2284 ut
703 2224 941 2287 benefici
966 2223 1286 2293 videantur,
1308 2224 1497 2285 facere
1523 2223 1725 2294 multa,
1753 2236 1886 2302 quae
1915 2223 2193 2304 proficisci

255 2316 334 2375 ab
376 2313 751 2375 ostentatione
791 2313 997 2392 magis,
1025 2332 1200 2391 quam
1242 2332 1278 2370 a
1316 2313 1612 2372 voluntate
1646 2313 1961 2381 videantur.
2031 2313 2191 2373 Talis

254 2411 455 2464 autem
479 2404 763 2465 simulatio
788 2403 1025 2464 vanitati
1062 2409 1153 2463 est
1193 2397 1563 2482 conjunctior,
1589 2421 1768 2481 quam
1808 2408 1912 2462 aut
1945 2401 2190 2463 liberali·

255 2494 366 2553 tati
390 2501 491 2553 aut
515 2492 820 2554 honestati.
1583 2566 1592 2571 ,
2177 2484 2183 2490 ’

336 2584 592 2643 Tertium
630 2589 719 2644 est
757 2581 1129 2662 propositum,
1156 2587 1226 2640 ut
1265 2581 1325 2649 in
1351 2579 1731 2644 'beneficentia
1758 2578 2015 2653 delectus
2029 2584 2192 2638 'esset
2220 2585 2296 2640 10

255 2673 580 2752 dignitatis:
621 2672 680 2732 in
718 2691 834 2751 quo
865 2678 926 2731 et
968 2689 1158 2744 mores
1200 2670 1327 2749 ejus
1370 2675 1538 2738 erunt
1580 2668 1893 2747 spectandi,
1921 2668 1978 2726 in
2016 2687 2190 2747 quem

254 2762 592 2823 beneficium
620 2761 963 2833 conferetur,
986 2766 1047 2819 et
1073 2760 1293 2819 animus
1320 2777 1460 2838 erga
1485 2760 1607 2828 ¹nos,
1635 2764 1694 2816 et
1720 2758 2096 2817 communitas
2121 2777 2189 2817 ac

254 2851 496 2910 societas
542 2851 697 2920 vitas,
747 2856 808 2910 et
849 2849 926 2908 ad
970 2840 1196 2909 nostras
1236 2848 1511 2909 utilitates
1559 2847 1740 2907 officia
1787 2855 1919 2907 ante
1965 2848 2187 2908 collata.

256 2939 405 3009 Quas
453 2945 521 2998 ut
566 2934 904 3001 concurrant
943 2938 1147 3007 omnia,
1195 2937 1447 3017 optabile
1487 2943 1612 3007 est;
1652 2936 1701 2996 si
1742 2937 1947 3008 minus,
1995 2937 2188 3019 plures
2219 2942 2289 2996 11
2329 2930 2340 2941 ‘⁷

254 3047 448 3088 causae
471 3029 827 3108 majoresque
853 3026 1118 3107 ponderis
1145 3027 1276 3108 plus
1302 3027 1617 3087 habebunt.

332 3205 466 3266 XV.
510 3206 792 3277 Quoniam
818 3213 1014 3269 autem
1039 3204 1246 3266 vivitur
1268 3225 1392 3267 non
1413 3224 1546 3264 cum
1574 3203 1841 3283 perfectis
1866 3202 2188 3263 hominibus
2264 3246 2280 3253 -

253 3294 538 3374 planeque
575 3295 941 3374 sapientibus,
969 3295 1073 3354 sed
1100 3314 1233 3355 oum
1267 3294 1352 3363 iis,
1380 3294 1438 3352 in
1463 3292 1669 3369 quibus
1695 3291 1972 3369 praeclare
1998 3293 2188 3370 agitur
2329 3330 2347 3384 ι

253 3384 302 3442 81
328 3391 465 3442 sunt
489 3384 788 3443 simulacra
811 3385 1066 3443 virtutis:
1108 3384 1279 3442 etiam
1304 3383 1415 3441 hoc
1441 3380 1873 3457 intelligendum
1899 3386 2061 3458 pute,
2087 3399 2184 3439 ne-

251 3472 468 3531 minem
506 3473 733 3531 omnino
771 3491 897 3532 esse
936 3472 1358 3551 negligendum,
1383 3470 1442 3529 in
1469 3487 1583 3548 quo
1622 3469 1812 3546 aliqua
1853 3468 2188 3548 significatio

254 3561 479 3625 virtutis
497 3568 800 3645 appaream
828 3561 1132 3629 colondum
1156 3566 1352 3641 autem
1371 3574 1496 3619 esse
1510 3558 1591 3620 ita
1610 3576 1894 3646 quemque
1920 3559 2184 3633 maxime,
