2592 4142
320 264 440 319 122
1143 277 1223 318 nn
1250 275 1508 318 omens

421 408 881 490 suppeditantem
916 405 1258 486 voluptates,
1295 405 1679 486 depellentem
1718 406 1961 468 dolores.
2042 408 2360 470 Fortitudi-

420 517 551 557 nem
577 516 808 576 quoque
831 496 1019 575 aliquo
1054 496 1230 556 modo
1265 497 1592 576 expediunt,
1623 518 1756 557 cum
1796 499 2052 569 tradunt,
2080 500 2360 559 rationem

319 593 391 646 13
421 588 784 667 negligendae
825 587 1028 654 mortis
1076 587 1544 666 perpetiendique
1591 589 1819 650 doloris.
1898 590 2088 647 Etiam
2135 598 2358 669 tem-In-

419 678 660 738 rantiam
698 677 993 746 inducunt,
1021 695 1135 736 non
1175 677 1439 740 facillime
1466 677 1546 752 illi
1571 678 1820 756 quidem,
1849 680 1953 737 sed
1991 687 2190 739 tamen
2216 699 2358 759 quo-

420 786 537 847 quo
560 768 734 827 modo
771 774 1027 846 possunt.
1109 767 1323 832 Dicunt
1363 767 1530 837 enim,
1556 768 1866 846 voluptatis
1880 819 1889 824 -
1905 769 2360 848 magnitudinem

420 857 631 921 doloris
660 856 1009 917 detractione
1048 856 1208 917 finiri.
1287 857 1329 917 J
1328 856 1523 916 ustitia
1547 858 1794 927 vacillat,
1820 858 1914 918 vel
1946 859 2106 938 jacet
2145 859 2357 938 potius,

418 966 728 1026 omnesque
775 966 861 1024 eas
904 947 1161 1015 virtutes,
1210 966 1342 1026 quae
1386 947 1444 1006 in
1491 945 1895 1007 communitate
1941 957 2253 1008 cernuntur
2298 957 2358 1008 et

318 1040 393 1096 14
419 1036 479 1098 in
503 1038 776 1097 societate
813 1038 1035 1117 generis
1071 1037 1321 1097 humani.
1403 1037 1608 1116 Neque
1636 1038 1784 1098 enim
1813 1037 2052 1107 bonitas,
2083 1057 2189 1097 nec
2215 1039 2357 1106 libe-

389 1128 630 1197 .ralitas,
671 1147 775 1187 nec
824 1128 1062 1187 comitas
1107 1147 1232 1187 esse
1278 1133 1487 1207 potest,
1536 1147 1652 1188 non
1696 1125 1829 1206 plus
1868 1146 2042 1206 quam
2088 1128 2357 1200 amicitia,

418 1218 467 1277 si
508 1219 640 1279 haec
678 1237 792 1278 non
831 1238 936 1297 per
975 1237 1037 1277 se
1076 1224 1437 1297 expetantur,
1478 1217 1581 1277 sed
1598 1217 1708 1275 ‘ad
1747 1217 2103 1296 voluptatem
2142 1219 2357 1277 utilita-

316 1312 394 1369 15
420 1315 608 1368 temve
655 1309 988 1369 referantur.
1071 1308 1444 1368 Conferamus
1468 1307 1666 1392 igitur
1710 1307 1768 1366 in
1808 1326 2012 1386 pauca.
2094 1309 2153 1367 N
2154 1328 2250 1368 am
2289 1316 2358 1368 ut

418 1398 722 1457 utilitatem
761 1397 976 1456 nullam
1014 1416 1139 1457 esse
1178 1397 1496 1466 docuimus,
1536 1416 1668 1475 quae
1704 1397 1990 1457 honestati
2028 1405 2182 1458 esset
2220 1418 2356 1459 con-

417 1487 608 1555 traria,
652 1487 733 1546 sic
782 1506 1009 1546 omnem
1047 1488 1404 1566 voluptatem
1444 1486 1684 1546 dicimus
1723 1487 2012 1547 honestati
2049 1506 2177 1548 esse
2217 1508 2357 1548 con·

315 1580 390 1636 16
418 1575 665 1635 trariam.
750 1576 879 1648 Quo
907 1577 1092 1657 magis
1117 1577 1616 1657 reprehendendos
1645 1577 2041 1657 Calliphonem
2076 1585 2139 1638 et
2176 1578 2358 1644 Dino·

417 1667 686 1727 machum
727 1666 942 1747 judico,
991 1667 1089 1746 qui
1135 1686 1197 1726 se
1245 1667 1630 1746 dirempturos
1685 1668 2123 1727 controversiam
2175 1676 2352 1747 puta-

418 1764 641 1828 verunt,
668 1757 718 1817 si
754 1777 888 1816 cum
911 1758 1209 1817 honestate
1239 1757 1613 1836 voluptatem,
1643 1764 1936 1837 tamquam
1965 1777 2096 1819 cum
2122 1759 2356 1819 homine

297 1849 388 1909 {7
416 1849 715 1929 pecudem,
755 1848 1188 1928 copulavissent.
1271 1847 1407 1906 Non
1444 1846 1646 1926 recipit
1684 1848 1854 1928 istam
1893 1849 2357 1930 conjunctionem

414 1940 721 2010 honestam
760 1945 1114 2019 aspernatur,
1142 1937 1383 2017 repellit.
1465 1936 1591 1997 Nec
1616 1956 1754 1997 vero
1793 1939 1918 1997 finis
1954 1939 2236 1998 bonorum
2262 1937 2358 2019 [et

412 2027 740 2109 malorumJ,
789 2029 888 2108 qui
934 2027 1174 2108 simplex
1220 2046 1346 2087 esse
1392 2027 1587 2097 debet,
1629 2046 1700 2087 ex
1746 2028 2129 2090 dissimillimis
2175 2029 2355 2092 rebus

311 2124 386 2178 18
413 2120 637 2179 misceri
683 2126 743 2177 et
755 2119 1095 2198 temperari
1149 2124 1359 2196 potest.
1441 2115 1562 2176 Sed
1615 2117 1690 2176 dc
1744 2118 1857 2177 hoc
1912 2120 2145 2199 (magna
2198 2120 2354 2180 enim

309 2214 384 2269 19
411 2227 503 2267 res
535 2208 649 2287 est)
676 2183 789 2267 alio
826 2206 953 2266 loco
990 2207 1265 2286 pluribus.
1348 2206 1518 2265 Nunc
1557 2207 1634 2266 ad
1674 2209 2050 2287 propositum.
2133 2209 2353 2278 Quem-

409 2296 722 2356 admodum
767 2296 990 2377 igith
1008 2297 1056 2356 si
1101 2297 1333 2375 quando
1380 2316 1465 2364 ea,
1517 2311 1648 2384 quae
1695 2298 1923 2357 videtur
1968 2297 2202 2367 utilitas,
2244 2298 2369 2357 ho-·

408 2386 617 2462 nestati
667 2394 974 2466 repugnat,
1015 2386 1383 2465 dijudicanda
1433 2408 1525 2448 res
1579 2387 1670 2457 sit,
1713 2387 1850 2447 satis
1888 2375 1979 2447 est
2017 2406 2193 2466 supra
2233 2387 2351 2447 dis-

307 2483 383 2536 20
411 2483 696 2557 putatum.
778 2476 879 2536 sin
918 2483 1111 2536 autem
1150 2477 1399 2556 speciem
1438 2479 1696 2538 utilitatis
1734 2478 1908 2537 etiam
1934 2477 2203 2556 voluptas
2242 2478 2352 2536 ha-

407 2569 545 2629 bere
570 2567 807 2638 dicetur,
835 2567 994 2627 nulla
1032 2574 1230 2647 potest
1268 2586 1394 2627 esse
1431 2569 1484 2628 ei
1519 2587 1652 2628 cum
1677 2563 1976 2627 honestate
2003 2567 2350 2646 conjunctim

306 2664 379 2718 21
411 2659 562 2719 Nam
609 2666 692 2719 ut·
713 2658 1042 2736 „tribuamus
1096 2656 1312 2737 aliquid
1358 2658 1657 2736 voluptati,
1705 2657 2048 2720 condimenti
2099 2658 2350 2718 fortasse

406 2748 678 2818 nonnihil,
706 2748 962 2832 utilitatis
991 2755 1144 2807 certe
1167 2748 1312 2808 nihil
1339 2748 1589 2814 habebit.

304 2932 380 2985 22
451 2924 687 2984 Habes
726 2943 763 2982 a
800 2933 965 3004 patre
1004 2944 1231 2995 munus,
1261 2926 1456 2986 Marce
1495 2927 1591 2997 fili,
1618 2945 1751 2986 mea
1784 2926 2020 3005 quidem
2059 2926 2350 2986 sententia

407 3033 722 3095 magnum3
755 3009 879 3075 sed
927 3014 1159 3104 perinde
1206 3016 1329 3085 erit,
1371 3024 1439 3075 ut
1485 3016 1789 3095 acceperis,
1871 3017 2236 3094 Quamquam
2282 3016 2350 3076 hi

297 3164 302 3169 .
403 3106 509 3167 tibi
555 3112 672 3165 tres
718 3105 847 3168 libri
891 3105 1069 3165 inter
1065 3104 1347 3184 Cratippi
1393 3105 1826 3165 commentarios
1868 3112 2164 3184 tamquam
2208 3106 2347 3165 hos-

304 3202 379 3256 23
407 3197 556 3277 pites
602 3202 768 3270 erunt
805 3185 1129 3276 recipiendi.
1210 3194 1331 3255 Sed
1369 3202 1453 3264 ut,
1495 3196 1543 3254 si
1582 3196 1705 3274 ipse
1744 3195 2025 3254 venissem
2050 3194 2349 3264 Athenas,

410 3285 591 3367 (quod
633 3286 863 3365 quidem
906 3293 1058 3345 esset
1103 3285 1339 3355 factum,
1388 3285 1494 3344 nisi
1539 3304 1632 3343 me
1672 3303 1706 3343 e
1745 3283 1935 3343 medio
1975 3303 2149 3343 cursu
2187 3284 2347 3343 clara

406 3396 548 3462 voce
585 3374 772 3454 patria
799 3373 1175 3455 revocasset,)
1203 3374 1510 3453 aliquando
1548 3394 1642 3434 me
1669 3385 1898 3452 quoque
1934 3361 2197 3436 audires:
2240 3372 2346 3444 sic,

403 3455 671 3545 quoniam
696 3466 785 3538 his
810 3465 1188 3525 voluminibus
1214 3461 1305 3523 ad
1318 3472 1379 3525 te
1406 3465 1663 3543 profecta
1691 3483 1801 3522 vox
1827 3471 1919 3522 est
1944 3481 2090 3532 mea,
2119 3463 2346 3522 tribues

402 3555 494 3613 his
548 3553 820 3632 temporis
874 3561 1152 3631 quantum
1206 3554 1460 3631 poteris:
1520 3554 1735 3634 poteris
1788 3560 2001 3623 autem,
2056 3560 2346 3631 quantum

301 3647 379 3701 24
405 3642 595 3701 voles.-
662 3643 812 3701 Cum
852 3660 988 3702 vero
1027 3642 1376 3713 intellexero,
1402 3650 1463 3703 te
1501 3644 1613 3703 hoc
1653 3643 1902 3703 scientiae
1936 3661 2153 3740 genere
2193 3661 2343 3724 gau-
