2592 4142
320 178 403 233 88
594 248 603 263 Β
1150 184 1230 230 nn
1270 188 1529 233 oeneus

420 319 569 380 inest
592 316 776 399 parte,
801 320 875 379 de
893 297 1010 398 qua
1028 319 1405 398 disputamus.
1467 317 1673 398 Neque
1698 317 1849 378 enim
1875 318 2064 378 solum
2089 319 2367 424 corporis,

419 410 518 488 qui
543 410 618 469 ad
644 416 905 468 naturam
933 408 1055 487 apti
1080 417 1233 477 sunt,
1262 409 1368 487 sed
1408 408 1591 467 multo
1630 409 1804 483 etiam
1830 406 2015 488 magis
2040 410 2215 469 animi
2240 431 2367 470 mo·

317 504 388 559 11
418 507 513 558 tus
539 498 838 579 probandi,
868 500 967 577 qui
992 500 1131 558 item
1158 498 1234 556 ad
1260 478 1525 557 naturam
1562 476 1982 557 accommodati
2005 506 2157 559 sunt.
2238 501 2363 559 Du-

418 589 555 668 plex
580 596 671 647 est
695 588 845 647 enim
871 589 956 648 vis
996 589 1315 653 animorum
1356 594 1529 665 atque
1566 594 1805 646 natura:
1848 607 1965 646 una
2004 608 2138 667 pars
2174 589 2235 647 in
2259 607 2364 670 ap-

416 679 602 757 petitu
639 679 827 758 posita
866 685 972 746 est,
1004 697 1136 756 quae
1179 684 1270 737 est
1310 675 1444 757 ὃςμὴ
1477 678 1715 747 Graece,
1743 696 1874 755 quae
1916 678 2205 737 hominem
2244 681 2364 739 huc

372 840 379 843 .
417 775 478 827 et
501 768 635 827 illuc
674 768 855 846 rapit:
897 768 1078 826 altera
1101 768 1160 825 in
1184 766 1419 835 ratione,
1447 785 1580 844 quae
1621 766 1791 825 docet
1816 773 1877 826 et
1903 765 2189 845 explanat,
2219 770 2360 847 quid

415 858 738 917 faciendum
778 857 1183 936 fugiendumve
1221 856 1311 916 sit.
1393 858 1487 915 Ita
1525 856 1606 926 fit,
1633 863 1702 915 ut
1725 857 1870 915 ratio
1895 858 2109 935 praesit,
2136 860 2359 937 appeti-

415 953 510 1006 tus
557 949 930 1026 obtemperet.
1010 947 1226 1006 XXIX.
1271 946 1473 1005 Omnis
1518 954 1714 1006 autem
1754 946 1902 1005 actio
1939 965 2141 1007 vacare
2183 948 2360 1008 debet

415 1037 732 1099 temeritate
770 1043 833 1095 et
869 1034 1258 1115 negligentia:
1301 1054 1407 1095 nec
1446 1054 1583 1098 vero
1621 1052 1795 1117 agere
1844 1036 2161 1114 pfidquam,
2191 1038 2358 1117 cujus

350 1131 387 1184 2
415 1146 530 1186 non
555 1126 740 1204 possis
766 1144 1000 1185 causam
1042 1124 1395 1204 probabilem
1431 1124 1688 1185 reddere.
1770 1125 1919 1185 Haec
1946 1133 2036 1185 est
2060 1127 2211 1186 enim
2235 1128 2357 1187 fere

415 1215 718 1295 descriptio
743 1215 924 1275 officii.
992 1214 1367 1273 Efficiendum
1392 1222 1589 1273 autem
1614 1220 1722 1284 est,
1741 1220 1809 1275 ut
1835 1215 2126 1294 appetitus
2153 1216 2357 1276 rationi

414 1305 700 1375 obediant,
727 1322 967 1381 eamque
1005 1322 1190 1382 neque
1230 1311 1601 1382 praecurrant,
1638 1323 1744 1371 nec
1785 1311 2022 1384 propter
2067 1305 2357 1410 pigritiam

413 1401 517 1452 aut
539 1394 822 1473 ignaviam
860 1393 1162 1452 deserant.
1205 1392 1432 1471 sintque
1468 1394 1774 1472 tranquilli,
1801 1401 1974 1472 atque
2000 1395 2152 1473 omni
2183 1396 2356 1455 animi

349 1489 385 1542 3
413 1483 837 1587 perturbatione
885 1488 1129 1542 careant.
1210 1483 1302 1540 Ex
1347 1502 1464 1561 quo
1507 1483 1756 1544 elucebit
1802 1484 1984 1544 omnis
2036 1485 2357 1544 constantia

414 1573 705 1650 omnisque
732 1571 1061 1632 moderatio.
1140 1571 1295 1635 Nam
1321 1573 1420 1652 qui
1446 1570 1736 1652 appetitus
1763 1572 1987 1653 longius
2013 1581 2353 1653 evagantur,

411 1669 474 1721 et
499 1666 790 1740 tamquam
816 1661 1134 1721 exultantes
1160 1662 1278 1721 sive
1307 1662 1606 1740 cupiendo,
1630 1662 1749 1721 sive
1766 1662 2057 1742 fugiendo,
2078 1682 2194 1721 non
2213 1665 2354 1723 satis

411 1769 449 1810 a
473 1752 689 1813 ratione
714 1751 1040 1821 retinentur,
1070 1751 1108 1810 ii
1133 1752 1254 1810 sine
1276 1751 1457 1811 dubio
1496 1752 1667 1811 finem
1690 1760 1751 1811 et
1775 1751 2011 1811 modum
2036 1759 2352 1814 transeunt.

409 1841 758 1920 Relinquunt
784 1841 933 1900 enim
961 1848 1021 1900 et
1047 1841 1324 1920 abjiciunt
1349 1841 1744 1912 obedientiam,
1770 1861 1875 1902 nec
1900 1841 2101 1901 rationi
2125 1850 2351 1921 parent,

410 1933 501 1993 cui
527 1938 661 1991 sunt
687 1930 932 2018 subjecti
955 1931 1086 2011 lege
1104 1937 1362 1991 naturae·
1392 1950 1427 1990 a
1452 1931 1659 2009 quibus
1684 1950 1800 1990 non
1825 1931 1998 1990 modo
2023 1931 2195 1990 animi
2221 1946 2351 2010 per-

344 2025 383 2080 4
409 2023 728 2090 turbantur,
755 2021 858 2079 sed
886 2021 1058 2079 etiam
1098 2039 1353 2099 corpora.
1435 2021 1597 2080 Licet
1625 2040 1726 2080 ora
1751 2019 1882 2100 ipsa
1915 2039 2143 2079 cernere
2178 2020 2351 2080 irato-

407 2130 555 2179 rum,
584 2117 687 2169 aut
712 2128 929 2177 eorum,
957 2109 1056 2187 qui
1094 2116 1200 2169 aut
1236 2110 1467 2169 libidine
1506 2111 1696 2189 aliqua
1734 2117 1837 2169 aut
1879 2116 2040 2168 metu
2079 2110 2352 2170 commoti

408 2206 560 2267 sunt,
588 2205 688 2257 aut
713 2199 1008 2277 voluptate
1035 2198 1227 2257 nimia
1245 2199 1534 2279 gestiunt:
1576 2219 1821 2278 quorum
1858 2199 2105 2259 omnium
2131 2201 2347 2273 vultus,

212 2268 249 2339 ⁹-
266 2272 285 2309 ²
318 2296 389 2371 .5
408 2304 597 2356 voceS‚
624 2294 813 2346 motus
840 2293 1139 2365 statusque
1162 2295 1477 2349 mutantur.
1557 2287 1647 2348 Ex
1673 2290 1880 2368 quibus
1905 2288 2048 2348 illud
2082 2286 2348 2370 intelligi-

124 2368 135 2379 '
166 2370 177 2381 ’
236 2370 283 2453 ’ξ
383 2385 479 2436 tur
505 2375 597 2457 (ut
621 2377 697 2435 ad
723 2377 890 2437 officii
914 2378 1158 2436 formam
1182 2377 1559 2458 revertamur)
1582 2380 1872 2458 appetitus
1898 2397 2095 2437 omnes
2122 2387 2348 2437 contra-

406 2464 625 2529 hendos
672 2467 1068 2545 sedandosque
1107 2486 1253 2537 esse,
1293 2468 1766 2548 excitandamque
1803 2467 2349 2528 animadversionem

408 2564 468 2616 et
495 2557 859 2637 diligentiam,
885 2564 954 2616 ιιι
993 2576 1066 2617 ne
1106 2558 1245 2637 quid
1283 2566 1498 2618 temere
1545 2577 1615 2617 ac
1655 2557 1905 2627 fortuito,
1931 2557 2346 2617 inconsiderate

406 2647 873 2726 negligenterque
897 2666 1154 2727 agamus.

342 2830 379 2883 6
487 2824 690 2902 Neque
737 2824 886 2883 enim
929 2824 1010 2882 ita
1048 2826 1302 2903 generati
1341 2844 1377 2884 a
1415 2833 1620 2885 natura
1661 2845 1877 2894 sumus,
1917 2832 1986 2884 ιιι
2022 2824 2100 2885 ad
2139 2823 2345 2885 ludum

407 2920 467 2972 et
488 2913 683 2991 jocum
723 2913 859 2972 facti
897 2932 1023 2971 esse
1049 2913 1379 2973 videamur:
1421 2916 1496 2974 ad
1536 2916 1895 2975 severitatem
1933 2915 2141 2994 potius,
2172 2922 2233 2973 et
2264 2915 2343 2975 ad

343 3001 378 3062 '7
407 3003 673 3081 quaedam
701 3003 889 3061 studia
913 3001 1173 3081 graviora
1197 3011 1371 3081 atque
1397 3005 1629 3084 majora.
1711 3004 1879 3063 Ludo
1905 3012 2097 3062 autem
2123 3010 2185 3063 et
2204 3005 2341 3082 joco

406 3092 492 3150 uti
534 3093 632 3165 illo
669 3091 900 3170 quidem
937 3092 1107 3151 licet:
1150 3092 1256 3153 sed
1295 3093 1443 3152 sicut
1482 3113 1682 3155 somno
1708 3100 1769 3152 et
1793 3093 2077 3171 quietibus
2117 3094 2340 3163 ceteriS,

341 3188 378 3240 8
405 3188 549 3251 tum,
572 3201 703 3241 cum
730 3182 999 3262 gravibus
1024 3181 1292 3260 seriisque
1310 3185 1482 3243 rebus
1503 3183 1955 3252 satisfecerimus.
2023 3182 2344 3261 Ipsumque

404 3290 588 3350 genus
610 3271 839 3350 jocandi
864 3291 978 3330 non
1003 3272 1303 3350 profusum
1328 3291 1433 3331 nec
1458 3272 1877 3340 immodestum,
1899 3271 2004 3329 sed
2029 3271 2345 3350 ingenuum

339 3365 379 3418 9
404 3367 464 3418 et
486 3354 736 3423 facetum
763 3380 888 3420 esse
916 3361 1106 3421 debet.
1186 3363 1272 3420 Ut
1295 3358 1445 3421 enim
1472 3361 1660 3440 pueris
1685 3380 1801 3420 non
1839 3378 2065 3419 omnem
2104 3360 2345 3420 ludendi

402 3447 686 3508 licentiam
708 3451 933 3518 damus,
962 3449 1065 3508 sed
1088 3469 1236 3520 eam,
1264 3469 1395 3528 quae
1420 3452 1494 3510 ab
1522 3450 1832 3513 honestatis
1873 3449 2188 3508 actionibus
2228 3469 2347 3511 non

403 3538 480 3597 sit
504 3537 720 3598 aliena:
762 3539 842 3599 sic
868 3539 927 3597 in
951 3538 1076 3618 ipso
1109 3539 1245 3618 joco
1282 3540 1517 3619 aliquod
1554 3540 1721 3620 probi
1758 3539 1967 3620 ingenii
1999 3539 2195 3599 lumen
2219 3539 2345 3599 elu-
