2592 4142
284 250 369 307 δῦ
1113 263 1192 307 nn
1228 258 1488 305 omens

287 398 362 457 13
389 392 735 453 homnibus
755 397 949 452 autem
964 392 1227 472 negoffis,
1244 391 1405 515 prius
1422 409 1598 471 quam
1615 382 1972 471 aggrediare,
1991 390 2328 453 adhibenda

389 489 480 542 est
504 482 847 562 pnaeparatio
873 482 1132 563 diligens.
1286 512 1293 517 ·

466 639 659 700 XXII.
702 639 821 700 Sed
860 654 992 700 cum
1027 639 1280 719 plerique
1308 639 1667 708 arbitrentur,
1695 657 1787 698 res
1813 628 2046 700 bellicas
2071 637 2322 743 majores
2343 710 2362 721 ι

325 734 360 789 2
389 748 532 799 3333,
551 749 723 808 quam
749 749 791 789 u
804 749 836 789 r
849 730 889 790 b
906 749 942 788 a
957 748 1005 789 n
1010 749 1046 788 a
1063 750 1125 801 s,
1151 728 1458 789 minuenda
1478 735 1568 787 est
1584 730 1715 789 haec
1732 729 1939 808 opinio,
1979 729 2149 797 Multi
2163 730 2322 789 enim

387 818 541 881 bella
566 839 722 899 saepe
736 819 1095 925 qufflierunt
1131 826 1370 922 propter
1406 816 1606 898 gloriae
1644 817 2037 898 cupiditatem.
2116 819 2323 899 Atque

387 908 490 969 id
473 929 535 969 111
558 911 781 1013 magnis
807 909 1005 968 animis
1030 906 1382 989 ingeniisque
1419 906 1757 987 plerumque
1783 908 2092 988 contingit:
2134 928 2320 988 eoque
2363 988 2366 993 .

362 999 590 1079 magiS,
619 999 668 1059 si
692 1006 828 1059 sunt
852 999 930 1059 ad
955 1000 1079 1059 rem
1103 998 1404 1061 militarem
1430 997 1553 1076 apti
1577 1004 1639 1056 et
1665 997 1859 1077 cupidi
1897 998 2179 1059 bellorum
2217 1017 2320 1079 ge·

321 1089 709 1149 3rendorum.
789 1086 943 1149 Vere
969 1095 1164 1149 autem
1201 1088 1250 1147 si
1275 1085 1541 1147 volumus
1574 1086 1851 1165 judicare,
1878 1089 2080 1147 multae
2104 1106 2197 1147 res
2221 1107 2319 1153 ex-

319 1182 360 1237 4
386 1179 623 1239 11131331
646 1179 883 1239 urbanae
907 1179 1153 1258 majores
1180 1176 1558 1253 clarioresque
1586 1195 1759 1254 quam
1783 1176 2021 1237 bellicae.
2103 1178 2321 1249 Quam-

385 1269 472 1328 vis
517 1268 667 1328 enim
712 1266 1119 1327 Themistocles
1165 1267 1298 1346 jure
1333 1265 1632 1334 laudetur,
1674 1272 1736 1326 et
1786 1265 1863 1325 sit
1914 1265 2046 1346 ejus
2092 1285 2322 1338 nomen,

385 1377 561 1439 quam
598 1357 843 1429 Solonis,
865 1356 1156 1427 illustrius,
1182 1356 1503 1433 citetur-que
1538 1355 1782 1417 Salamis
1808 1354 2130 1415 clarissimae
2155 1357 2323 1417 testis

386 1446 654 1517 victoriae,
683 1464 814 1526 quae
851 1453 1231 1525 anteponatur
1272 1444 1504 1506 consilio
1542 1445 1765 1509 Solonis
1805 1445 1875 1516 31,
1916 1464 2032 1525 quo
2069 1446 2323 1525 primum

388 1536 680 1597 constituit
704 1535 1122 1616 Areopagitas:
1162 1555 1280 1594 non
1304 1536 1490 1595 minus
1518 1535 1857 1616 praeclarum
1894 1535 2024 1604 1103,
2053 1555 2228 1615 quam
2255 1536 2323 1596 il-

322 1635 360 1687 5
387 1625 491 1685 lud
526 1625 902 1705 judicandum
928 1632 1033 1685 est.
1115 1624 1272 1685 Illud
1300 1626 1449 1686 enim
1477 1625 1655 1685 semel
1695 1626 1927 1704 profuit,
1954 1625 2067 1684 1103
2093 1643 2325 1705 semper

389 1715 646 1794 proderit
671 1715 901 1776 civitati.
981 1715 1111 1775 Hoc
1138 1715 1370 1775 consilio
1395 1714 1555 1796 leges
1582 1715 2035 1785 Atheniensium,
2062 1716 2174 1777 1103
2199 1735 2322 1774 ma-

325 1810 364 1866 6
385 1806 579 1885 jorum
621 1805 878 1865 instituta
922 1813 1234 1866 servantur.
1316 1806 1395 1865 Et
1440 1804 1851 1867 Themistocles
1898 1805 2130 1884 quidem
2184 1805 2327 1867 nihil

390 1895 687 1967 (1133111,111
711 1914 826 1974 quo
851 1894 975 1976 ipse
1001 1894 1381 1983 Areopagum
1408 1895 1733 1998 adjuverim
1775 1902 1837 1954 at
1863 1895 1956 1955 1113
1982 1914 2135 1965 vere,
2157 1894 2233 1955 ab
2260 1914 2325 1955 33

390 1986 655 2067 adjutum
694 1985 1151 2049 Themistoclem.
1229 1987 1339 2045 Est
1378 1985 1528 2044 enim
1566 1984 1783 2045 bellum
1820 1992 2052 2066 gestum
2092 1985 2326 2045 30331110

324 2074 361 2138 ’1
390 2082 621 2135 senatus
648 2075 791 2155 ejus,
819 2075 918 2154 qui
942 2094 979 2133 a
1003 2074 1213 2135 Solone
1240 2082 1366 2135 erat
1390 2075 1750 2134 constitutus.
1829 2074 1989 2134 Licet
2016 2074 2221 2134 eadem
2250 2075 2325 2134 de

389 2165 677 2224 Pausania
713 2164 1126 2243 Lysandroque
1166 2164 1374 2234 dicere,
1406 2183 1653 2244 quorum
1691 2164 1864 2224 rebus
1903 2164 2083 2244 gestis
2121 2183 2324 2245 quam-

391 2273 566 2333 quam
609 2254 912 2332 imperium
956 2250 1402 2314 Lacedaemoniis
1444 2251 1798 2335 [dilatatum]
1844 2261 2101 2334 putatur,
2128 2261 2328 2314 tamen

389 2363 464 2403 ne
502 2342 730 2402 minima
756 2342 987 2421 quidem
1027 2361 1099 2402 ex
1144 2350 1310 2423 parte
1351 2343 1607 2424 Lycurgi
1652 2343 1876 2424 legibus
1915 2351 1977 2403 et
2015 2343 2328 2423 disciplinae

392 2431 721 2495 conferendi
741 2439 891 2493 33111.
973 2431 1125 2504 Quin
1149 2433 1322 2493 etiam
1349 2433 1436 2507 ,ob
1474 2433 1581 2492 has
1619 2432 1776 2513 ipsas
1802 2451 2005 2492 causas
2033 2440 2094 2492 et
2117 2453 2327 2513 paren-

327 2532 365 2586 8
391 2525 563 2585 tiores
589 2523 917 2584 habuerunt
936 2523 1239 2592 exercitus»,
1261 2529 1322 2582 et
1346 2523 1626 2593 fortiores
1706 2522 1850 2582 Mihi
1869 2522 2101 2602 quidem
2118 2542 2325 2603 neque,

393 2615 585 2719 pueris
622 2613 804 2687 nobis,
833 2612 915 2674 M.
943 2611 1197 2675 Scaurus
1226 2613 1292 2673 O.
1335 2612 1539 2682 Mario,
1566 2631 1769 2691 neque,
1798 2628 1932 2671 cum
1970 2631 2330 2673 versaremur

392 2706 452 2764 in
496 2723 559 2764 re
605 2703 855 2784 publica,
884 2704 956 2775 Q.
1000 2702 1243 2763 Catulus
1284 2702 1391 2764 On.
1430 2702 1710 2780 Pompeio
1756 2701 1960 2763 cedere
2004 2701 2323 2763 videbatur.

9 2780 87 2852 (t
97 2789 294 2888 220.
331 2800 369 2856 9
394 2793 568 2852 Parvi
607 2793 758 2852 enim
796 2799 931 2851 sunt
972 2791 1108 2852 foris
1147 2811 1326 2861 arma,
1353 2792 1461 2850 nisi
1499 2798 1588 2850 est
1623 2791 1917 2850 consilium
1944 2788 2114 2852 domi.
2195 2792 2327 2852 Nec

394 2883 527 2962 plus
553 2881 879 2951 Africanus,
906 2881 1207 2960 singularis
1242 2887 1305 2941 et
1328 2881 1415 2940 vir
1439 2887 1498 2940 et
1522 2881 1851 2960 imperator,
1878 2880 1938 2939 in
1975 2881 2330 2940 excindenda

390 2970 708 3035 Numantia
742 2970 823 3029 rei
857 2970 1106 3049 publioae
1130 2969 1365 3050 profuit,
1390 2988 1565 3049 quam
1590 2971 1794 3030 eodem
1819 2975 2080 3049 tempore
2105 2970 2440 3031 31113--

395 3062 512 3121 3133
537 3061 809 3140 privatus,
830 3080 961 3120 cum
981 3059 1063 3119 Ti.
1090 3060 1415 3119 Gracchum
1440 3059 1738 3121 interemit.
1810 3058 2173 3140 Quamquam
2198 3060 2328 3123 haeo
2430 3130 2438 3137 .

395 3151 627 3232 quidem
664 3170 757 3210 res
796 3169 911 3211 non
953 3149 1140 3209 solum
1186 3170 1262 3210 ex
1303 3150 1615 3210 domestica
1662 3156 1754 3209 est
1800 3150 2055 3229 ratione.
2041 3167 2055 3183 ·
2097 3150 2329 3230 attingit

398 3243 573 3301 etiam
610 3240 890 3310 bellicam,
919 3240 1185 3321 quoniam
1210 3241 1269 3300 vi
1313 3258 1603 3319 manuque
1642 3239 1901 3301 confecta
1935 3246 2057 3299 est:
2099 3239 2208 3299 sed
2239 3246 2326 3299 ta-

295 3337 371 3393 10
397 3350 528 3391 111311
572 3331 634 3391 1(1
678 3331 867 3411 ipsum
908 3338 999 3390 est
1043 3338 1275 3413 gestum
1323 3330 1555 3390 consilio
1605 3330 1843 3399 urbano,
1890 3330 2008 3388 sine
2055 3329 2325 3388 exercitu.

399 3418 556 3480 Illud
593 3427 786 3480 autem
825 3421 1104 3501 optimum
1130 3421 1323 3490 331,111
1350 3419 1507 3543 quod
1530 3418 1720 3480 invadi
1744 3419 1925 3479 solere
1952 3418 2028 3479 ab
2054 3417 2330 3499 improbis

396 3515 460 3571 et
483 3510 685 3571 invidis
710 3510 913 3570 audio:

655 3619 867 3682 Cedant
882 3640 1054 3681 arm
1081 3629 1235 3699 toqoe,
1261 3620 1513 3682 concedat
1540 3620 1733 3681 laurea
1762 3618 1942 3682 laudi.
