2592 4142
311 282 428 338 uo
1132 294 1211 336 ιιι
1239 295 1521 337 omens·

410 424 674 493 interest,
689 430 885 482 utrum
926 442 998 482 ex
1038 423 1265 483 homine
1306 443 1369 482 se
1408 430 1703 484 convertat
1722 424 1854 502 quis
1888 424 1950 484 in
1982 424 2239 497 beluam,
2265 435 2371 487 an'

409 513 647 633 hominis
673 514 855 592 figura
878 513 1285 574 immanitatem
1310 520 1477 593 gerat
1501 514 1727 573 beluae.
1706 514 1734 556 ‘⁷

487 692 646 751 XXI.
689 692 877 762 Quid.
855 692 883 734 ⁹
924 691 1022 768 qui
1047 691 1235 752 omnia
1258 698 1439 750 recta
1444 698 1523 750 et
1550 692 1788 762 honesta
1824 693 2143 772 negligunt,
2173 693 2340 752 dum·

410 780 583 838 modo
614 800 655 858 p
671 799 707 846 o
724 787 751 839 t
765 800 798 839 e
812 800 854 838 ιι
867 788 894 838 t
907 780 929 839 i
943 800 979 837 a
993 799 1053 838 ιιι
1086 787 1520 857 consequantur,
1540 799 1725 839 nonne
1736 781 1904 841 idem
1922 782 2157 850 faciunt,
2174 782 2341 859 quod

406 869 476 937 is,
503 870 600 948 qui
625 871 795 929 etiam
821 888 1080 929 socerum
1113 869 1326 928 habere
1352 869 1531 928 voluit
1569 887 1720 940 eum,
1750 871 1914 947 cujus
1947 871 2070 949 ipse
2097 871 2342 930 audacia
2370 859 2377 864 ’

347 964 384 1016 2
412 966 626 1036 potens
640 960 834 1018 esset?
895 959 1051 1018 Utile
1067 959 1123 1016 ei
1139 951 1436 1018 videbatur
1464 957 1772 1036 plurimum
1800 978 1970 1037 posse
1989 959 2269 1019 alterius
2253 979 2339 1018 ιιι-

409 1048 591 1106 vidia:
632 1049 692 1107 id
719 1067 892 1126 quam
915 1047 1230 1136 injustum'
1210 1066 1272 1104 m
1299 1047 1559 1124 patriam,
1579 1054 1640 1105 et
1663 1066 1853 1125 quam
1860 1055 2051 1150 turpe,
2068 1056 2134 1107 et
2160 1067 2341 1126 qnam

347 1143 382 1195 3
410 1136 605 1208 inutile
645 1144 813 1206 esset,
839 1156 953 1196 non
977 1137 1223 1195 videbat.
1306 1137 1441 1213 Ipse
1478 1142 1673 1194 autem
1710 1155 1872 1195 socer
1888 1137 1954 1195 in
1981 1155 2079 1195 ore
2106 1155 2342 1215 semper

413 1227 645 1288 Graeoos
672 1246 868 1285 versus
894 1226 968 1284 de
993 1224 1307 1285 Phoenissis
1332 1225 1599 1293 habebat,
1621 1243 1766 1302 quos
1786 1225 1972 1285 dicam
1992 1233 2066 1296 ut
2090 1233 2339 1305 potero·
2368 1263 2377 1269 -

411 1314 691 1374 incondite
717 1316 973 1384 fortasse,
1002 1313 1105 1373 sed
1130 1321 1324 1374 tamen
1344 1320 1415 1372 ut
1439 1332 1532 1372 res
1558 1314 1739 1391 possit
1763 1314 2036 1393 intelligi:

631 1436 807 1518 *Nam
832 1429 884 1493 εἰ
909 1435 1235 1502 violandum
1259 1444 1339 1492 est
1349 1435 1469 1511 jus,
1498 1434 1767 1509 reynandi
1787 1437 1979 1508 qratia

660 1522 1002 1582 Violandum
1026 1532 1104 1583 est
1129 1543 1149 1581 .·
1186 1524 1321 1582 aliis
1346 1525 1505 1582 rebus
1518 1525 1784 1600 pietatem
1808 1523 1971 1584 colas}

344 1649 383 1702 4
414 1639 683 1722 Capitalis
721 1645 998 1713 Eteocles,
1028 1645 1119 1703 vel
1159 1645 1350 1723 potius
1386 1644 1701 1723 Euripides,
1731 1646 1832 1723 qui
1866 1644 1926 1705 id
1951 1663 2146 1716 unum,
2175 1646 2342 1725 quo'd

410 1733 661 1792 omnium
700 1734 1186 1804 sceleratissimum
1223 1734 1411 1803 fuerit,
1439 1735 1738 1813 exceperit.
1822 1735 1974 1804 Quid
2012 1731 2187 1814 igitur
2226 1737 2338 1795 mi-

408 1831 548 1882 nuta
574 1824 902 1904 colligimus,
932 1824 1289 1892 hereditateS,
1319 1831 1683 1892 mercaturaS,
1711 1824 2058 1883 venditiones
2096 1823 2340 1891 frendu-

345 1922 381 1973 5
408 1913 591 1984 lentas
607 1914 635 1972 ‘2
714 1914 864 1973 Ecce
892 1914 1010 1984 tibi,
1040 1914 1137 1993 qui
1167 1933 1269 1972 rex
1309 1913 1506 1991 populi
1540 1912 1782 1974 Romani
1807 1913 2185 1991 dominusque
2213 1934 2341 1974 om-

346 2009 381 2061 6
409 2004 562 2062 nium
581 2004 843 2082 gentium
882 2022 1005 2061 esse
1048 2002 1404 2080 concupierit,
1433 2002 1605 2080 idque
1645 2003 1958 2080 perfecerit.
2040 2003 2208 2061 Hanc
2234 2011 2340 2072 cu-

411 2092 706 2170 piditatem
728 2093 777 2150 si
795 2093 1090 2151 honestam
1112 2092 1381 2170 quis-esse
1399 2091 1550 2159 dicit,
1571 2110 1762 2149 amens
1784 2099 1887 2151 est.
1946 2090 2164 2151 Probat
2186 2092 2343 2163 enim

408 2182 602 2259 legum
618 2187 677 2238 et
695 2179 968 2239 libertatis
987 2182 1301 2239 interitum:
1332 2199 1634 2257 earumque
1656 2180 2092 2259 oppressionem,
2106 2188 2342 2241 taetram

346 2269 381 2328 ’1
410 2277 469 2327 et
496 2268 920 2352 detestabilem,
935 2270 1238 2348 gloriosam
1267 2276 1451 2347 putat.
1519 2270 1631 2339 Qui
1656 2277 1849 2328 autem
1873 2265 2103 2339 fatetur,
2126 2271 2340 2329 hones-

408 2365 533 2416 tum
558 2377 671 2417 non
698 2377 821 2417 esse
846 2359 904 2416 in
930 2377 998 2416 ea
1025 2358 1264 2438 civitate,
1292 2365 1433 2435 quae‘
1450 2359 1628 2417 libera
1661 2358 1786 2428 fuit,
1814 2361 2054 2437 quae‘que
2081 2377 2205 2416 esse
2234 2359 2340 2419 de·

409 2449 560 2516 beat,
600 2467 856 2531 regnare,
885 2447 997 2507 sed
1037 2447 1106 2516 ei,
1136 2447 1234 2525 qui
1270 2446 1331 2506 id
1377 2448 1563 2506 facere
1603 2448 1800 2526 possit,
1837 2467 1961 2507 esse
2001 2448 2172 2506 utile:
2218 2468 2341 2526 qua

408 2538 582 2605 hunc,
606 2537 997 2617 objurgatione
1037 2544 1138 2596 aut
1183 2547 1298 2615 quo
1345 2537 1536 2615 potius
1576 2537 1825 2596 convicio
1865 2556 1901 2598 a
1939 2544 2102 2596 tanto
2140 2556 2339 2598 errore

346 2633 380 2685 8
411 2647 580 2688 coner
617 2620 901 2687 avellere?
981 2626 1184 2686 Potest
1218 2626 1385 2695 enim,
1414 2625 1492 2684 dii
1517 2626 1881 2695 immortaleS‚
1896 2627 2172 2705 ‘cuiquam
2203 2646 2336 2687 esse

408 2718 545 2774 utile
570 2717 942 2774 foedissimum
970 2724 1029 2775 et
1054 2716 1428 2775 taeterrimum
1456 2714 1816 2793 parricidium
1851 2713 2049 2794 p'atriae
2075 2735 2089 2773 ε
2133 2736 2337 2794 quam·
2364 2705 2368 2712 ’

410 2805 492 2861 vis
531 2804 596 2872 is,
639 2805 735 2882 qui
775 2824 836 2868 se
876 2823 945 2862 eo
991 2804 1369 2882 obstrinxerit,
1412 2804 1486 2862 ab
1526 2804 1812 2882 oppressis
1854 2803 2068 2863 civibus
2114 2804 2340 2866 Parens
2381 2801 2384 2806 ’

346 2900 382 2952 9
410 2892 769 2950 nominetur?
824 2892 1138 2951 Honestate
1157 2875 1330 2970 igitur
1349 2892 1643 2971 dirigenda
1662 2893 1876 2951 utilitas
1896 2900 2000 2962 est,
2022 2900 2082 2951 et
2102 2892 2341 2972 quidem

411 2980 507 3048 sic,
538 2985 603 3038 ut
641 2980 769 3038 haec
797 2980 931 3049 du0‚
960 2981 1134 3038 verbo
1172 2981 1318 3040 inter
1353 3001 1414 3039 se
1443 2982 1782 3060 discrepare,
1811 3001 1875 3040 re
1912 3001 2093 3042 unum
2133 3001 2340 3068 sonare

308 3075 382 3130 10
410 3069 719 3129 videantur.
800 3069 932 3128 Non
957 3069 1158 3137 habeo,
1187 3065 1263 3127 ad
1290 3069 1452 3149 vulgi
1480 3070 1814 3148 opinionem,
1843 3089 1975 3147 quae
2012 3063 2198 3148 major
2220 3071 2339 3133 nti-

407 3150 554 3227 litas,
595 3178 768 3236 quam
805 3157 1093 3239 regnandi,
1138 3177 1261 3216 esse
1302 3159 1516 3236 possit.
1557 3159 1696 3218 nihil
1735 3167 1934 3218 contra
1971 3159 2224 3217 inutilius
2262 3160 2338 3230 ei,

408 3248 504 3327 qui
544 3249 751 3328 injuste
790 3255 1144 3324 consecutust
1165 3247 1268 3315 sit,
1300 3248 1537 3316 inveni0‚
1568 3268 1700 3307 cum
1737 3248 1812 3307 ad
1849 3247 2143 3306 veritatem
2183 3248 2344 3327 coepi

308 3344 377 3397 11
410 3354 675 3396 revocare
700 3337 986 3396 rationem.
1068 3338 1319 3396 Possunt
1345 3337 1492 3395 enim
1521 3337 1786 3414 cuiquam
1810 3355 1936 3395 esse
1962 3335 2131 3394 utiles
2158 3355 2340 3420 ango-

408 3446 515 3493 res,
550 3426 967 3495 sollicitudines,
998 3426 1181 3484 diurni
1220 3433 1278 3484 et
1316 3427 1577 3486 nocturni
1613 3433 1819 3507 metus,
1847 3425 1966 3484 vita
2003 3424 2344 3487 insidiarum

409 3514 897 3592 periculorumque
925 3512 1246 3593 plenissima
1262 3514 1290 3572 ‘2

315 3638 392 3694 ιιι
577 3634 769 3720 Muza
793 3635 979 3709 εηεςαι·
1002 3643 1168 3709 atque
1192 3635 1443 3711 infideles
1466 3634 1646 3710 rem,
1667 3593 2005 3710 pam‘sum
2031 3635 2174 3705 boni,
2262 3599 2275 3608 ’
