2592 4142
346 271 426 330 46
1152 284 1251 329 *nn
1281 272 1542 333 ombus

450 414 621 476 detur
645 417 911 477 habuisse
935 418 1245 477 rationem:
1286 436 1420 496 quae
1446 418 1688 477 formam
1706 417 2387 498 nostram-reliquamque

449 508 711 586 figuram,
732 508 791 566 in
810 528 924 586 qua
950 515 1102 567 esset
1128 507 1347 587 species
1372 508 1629 576 honesta,
1652 527 1779 568 eam
1799 502 1989 585 posuit
2006 509 2064 566 in
2085 517 2381 587 promptu,

449 614 580 675 quae
626 606 818 676 par‘tes
865 602 1060 657 autem
1105 598 1358 676 corporis
1398 598 1474 655 ad
1516 603 1739 663 naturae
1789 597 2186 657 necessitatem
2223 598 2385 657 datae

449 695 746 765 aspectum
771 695 963 746 essent
988 688 1306 747 deformem
1334 688 1617 747 habiturae
1642 695 1816 766 atque
1844 694 2090 767 turpem,
2119 704 2217 747 eas
2243 707 2380 747 con·

382 782 420 835 4
447 778 590 837 texit
615 785 788 856 atque
815 777 1051 837 abdidit.
1133 777 1300 836 Hanc
1331 784 1553 836 naturae
1586 784 1709 836 tam
1733 777 2063 864 diligentem
2101 778 2380 838 fabricam

394 938 401 941 „
445 867 667 926 imitata
702 875 792 927 est
825 868 1122 926 hominum
1157 867 1609 926 verecundia.
1659 868 1838 938 Quae
1863 868 2014 926 enim
2045 875 2251 926 natura
2267 886 2379 928 oc-

450 956 703 1027 cultavit,
731 957 933 1017 eadem
973 976 1184 1026 omnes,
1213 957 1343 1036 qui
1356 974 1494 1016 sana
1538 963 1732 1017 mente
1773 963 1924 1027 sunt,
1961 965 2266 1017 removent
2299 959 2384 1018 ab

446 1048 623 1107 oculis
646 1067 660 1107 :
700 1047 923 1126 ipsique
940 1048 1268 1129 necessitati
1293 1048 1437 1106 dant
1462 1056 1696 1127 operam
1720 1053 1788 1105 ut
1803 1065 1980 1126 quam
1998 1048 2379 1107 occultissime

447 1144 715 1216 pareant:
755 1154 1115 1217 quarumque
1142 1138 1393 1216 partium
1428 1138 1681 1217 corporis
1714 1156 1853 1197 usus
1884 1144 2019 1196 sunt
2051 1140 2375 1208 necessarii,

445 1247 543 1287 eas
584 1246 783 1307 neque>
812 1234 1006 1306 partes
1043 1246 1230 1307 neque
1268 1247 1469 1287 earum
1507 1247 1650 1287 usus,
1683 1228 1816 1287 suis‘
1833 1227 2150 1314 nominibus
2173 1230 2377 1307 appel-
2441 1286 2444 1287 γ

444 1318 597 1377 lant:
640 1317 910 1395 quodque
935 1317 1128 1376 facere
1154 1324 1325 1397 turpe
1350 1337 1464 1377 non
1491 1324 1599 1387 est,
1628 1317 1804 1377 modo
1829 1318 2069 1386 occulte,
2095 1317 2157 1377 id
2183 1318 2379 1378 dicere

380 1416 416 1468 5
446 1408 779 1466 obscoenum
806 1413 911 1485 est.
980 1407 1187 1486 Itaque
1211 1402 1320 1466 nec
1346 1415 1547 1488 aperta
1571 1408 1723 1467 acfio
1745 1426 1940 1467 rerum
1957 1404 2188 1467 'illarmn
2206 1415 2380 1485 petu-

381 1504 417 1557 6
441 1492 623 1556 lautia
660 1501 847 1566 vacat,
886 1515 994 1556 nec
1037 1497 1304 1557 orationis
1344 1498 1706 1559 obscoenitas.
1787 1498 1912 1557 Nec
1939 1516 2075 1557 vero
2108 1498 2381 1557 audiendi

445 1596 582 1647 sunt
623 1586 842 1668 Cynici,
869 1597 973 1653 aut
1013 1589 1062 1648 si
1084 1590 1197 1668 ‘qui
1236 1590 1469 1650 fuerunt
1508 1590 1684 1650 Stoici
1722 1586 1887 1669 piene
1914 1586 2132 1668 Cynici,
2160 1589 2258 1666 qui
2285 1602 2378 1648 re-

445 1680 807 1759 prehendunt
855 1686 913 1739 et
959 1679 1208 1749 irrident,
1251 1680 1407 1758 quod
1447 1699 1533 1749 ea,
1573 1698 1707 1758 quae
1749 1698 1813 1738 re
1853 1679 2044 1758 turpia
2081 1697 2200 1737 non·
2240 1680 2377 1748 sint,

445 1770 762 1830 nominibus
782 1789 850 1829 ac
865 1770 1052 1830 verbis
1079 1768 1360 1850 flagitiosa
1385 1769 1699 1829 ducamus:
1738 1768 1836 1828 illa
1853 1776 2071 1838 autem,
2093 1784 2227 1846 quae
2249 1775 2376 1828 tur-

382 1860 417 1921 '7
446 1860 543 1940 pia
567 1860 697 1930 sint,
725 1860 1043 1920 nominibus
1080 1860 1441 1939 appellemus
1480 1859 1615 1919 suis.
1695 1858 2059 1927 Latrocinari,
2085 1859 2375 1929 fraudare,

445 1951 785 2021 adulterare,
826 1970 889 2011 re
928 1952 1098 2029 turpe
1147 1956 1252 2018 est,
1294 1949 1417 2009 sed<
1438 1948 1646 2008 dicitur
1682 1966 1798 2007 non
1835 1948 2141 2007 obscoene:
2177 1948 2378 2009 liberis

445 2041 582 2100 dare
628 2059 880 2119 operam,
921 2060 985 2099 re
1029 2040 1333 2098 honestum
1376 2045 1483 2108 est,
1493 2037 1743 2097 momine
1768 2037 2136 2097 obscoenum:
2179 2038 2374 2117 plura-

445 2149 561 2209 que
586 2131 645 2188 in
671 2149 799 2189 eam
826 2130 1165 2209 sententiam
1189 2130 1264 2188 ab
1291 2129 1507 2188 eisdem
1534 2128 1733 2188 contra
1749 2127 2148 2191 verecundiam
2167 2128 2373 2207 dispu-

382 2226 419 2280 8
445 2226 657 2278 tantur.
739 2219 863 2278 Nos
904 2226 1099 2278 autem
1138 2224 1403 2278 naturam
1441 2223 1762 2297 sequamur,
1804 2225 1864 2277 et
1901 2218 1978 2277 ab
2017 2218 2185 2286 omni,
2213 2219 2376 2296 quod

445 2308 717 2368 abhorret
755 2308 830 2367 ab
877 2309 1172 2368 oculorum
1203 2309 1549 2387 auriumque
1593 2308 2020 2388 approbatione,
2066 2307 2374 2387 fugiamus.
2429 2331 2436 2334 ⁴

445 2396 662 2467 Status,
710 2398 980 2468 incessus,
1030 2400 1222 2470 ses‘sio,
1269 2399 1570 2467 accubitio,
1620 2399 1833 2467 vultus,
1881 2397 2050 2467 oculi,
2095 2414 2376 2458 manuum

379 2492 415 2549 9
442 2494 652 2558 motus,
680 2495 910 2548 teneant
935 2488 1078 2548 illud
1098 2489 1387 2549 decorum.
1457 2489 1723 2559 Quibus
1703 2507 1766 2547 m
1784 2486 1966 2548 rebus·
1983 2487 2103 2548 duo
2126 2488 2376 2548 maxime

443 2585 578 2638 sunt
622 2579 913 2660 fugienda,
954 2598 1028 2638 ne
1070 2580 1208 2658 quid
1249 2579 1636 2640 effeminatum
1677 2585 1780 2637 aut
1816 2579 2006 2648 molle,
2033 2584 2096 2636 et
2132 2580 2376 2656 nequid

341 2674 415 2730 10
444 2670 656 2728 durum
676 2676 777 2728 aut
801 2671 1079 2737 rusticum
1107 2668 1194 2730 sit.
1251 2671 1377 2730 Nec
1396 2688 1533 2729 vero
1551 2668 1914 2729 histrionibus
1939 2669 2375 2746 oratoribusque

443 2759 871 2818 concedendum
923 2764 1027 2828 est,
1076 2767 1145 2819 ut
1197 2761 1264 2820 iis
1316 2762 1442 2819 haec
1497 2766 1637 2838 apta
1683 2759 1813 2828 sint,
1857 2759 2022 2818 nobis
2073 2757 2371 2819 dissoluta.

339 2854 409 2908 11
444 2848 808 2907 Scenicorum
826 2848 1057 2950 quidem
1083 2868 1209 2907 mos
1235 2856 1455 2908 tantam
1481 2850 1659 2908 habet
1677 2855 1870 2911 vetere
1889 2847 2183 2926 disciplina
2210 2866 2373 2906 vere-

338 2945 413 2998 12
442 2937 722 3006 cundiam,
751 2937 858 2995 ut
843 2957 901 2995 m
928 2957 1156 2996 scenam
1183 2937 1303 2997 sine
1330 2938 1685 3018 subligaculo
1712 2938 1957 3018 prodeat
1982 2956 2168 2998 nemo,
2223 2938 2372 2998 -Ve-

366 3083 385 3098 ,
438 3034 635 3087 rentur
680 3027 978 3095 e11im,ne,
1026 3027 1075 3086 si
1114 3047 1231 3106 quo
1279 3047 1418 3087 casu
1461 3028 1728 3096 evenerit,
1769 3034 1839 3087 ut
1877 3027 2127 3107 corporis
2174 3034 2376 3105 partes

336 3125 409 3178 13
439 3117 703 3196 quaedam
730 3117 1070 3196 aperiantur,
1100 3117 1445 3196 aspiciantur
1467 3137 1584 3179 non
1602 3118 1826 3191 decore.
1893 3118 2107 3176 Nostro
2133 3117 2376 3195 quidem

437 3226 598 3267 more
638 3227 770 3266 cum
815 3208 1145 3286 parentibus
1186 3209 1430 3286 puberes
1470 3208 1584 3277 filii,
1616 3227 1749 3267 cum
1787 3207 1993 3266 soceris
2033 3206 2229 3286 generi
2254 3226 2377 3266 non

339 3303 409 3357 14
436 3299 717 3358 lavantur.
800 3297 1119 3359 Retinenda
1158 3298 1335 3378 igitur
1380 3305 1471 3357 est
1513 3299 1690 3376 hujus
1737 3297 1962 3377 generis
2006 3284 2371 3367 verecundia,

435 3389 751 3472 praesertim
774 3396 981 3447 natura
1005 3386 1132 3467 ips'a
1157 3388 1433 3468 magistra
1460 3394 1521 3447 et
1546 3387 1711 3447 duce.

462 3556 465 3565 ¹
513 3566 787 3627 XXXVI.
832 3566 982 3624 Cum
1008 3573 1202 3625 autem
1238 3565 1805 3645 pulchritudinis
1834 3564 1954 3629 duo·
1993 3583 2209 3644 genera
2233 3565 2370 3636 sint,

434 3673 676 3735 quorum
701 3654 756 3712 in
784 3655 965 3714 altero
979 3663 1247 3714 venustas
1272 3655 1364 3723 sit,
1386 3655 1445 3713 in
1471 3656 1652 3715 altero
1677 3655 1928 3735 dignitas
1951 3672 1966 3723 3
2007 3660 2370 3716 venustatem

1427 3752 1450 3811 t
1497 3766 1534 3819 ἰ
1555 3752 1608 3815 ae‘.
1626 3760 1712 3821 ‚tf
