2592 4142
288 191 364 247 60
1100 205 1180 246 1111
1218 204 1472 246 omens

389 333 492 394 tim
530 339 664 392 sunt
691 331 958 402 1118811118,
989 341 1056 391 8ι
1093 353 1311 401 aurum,
1339 340 1657 412 argentum,
1687 340 1755 392 ut
1779 352 1866 402 ea,
1894 351 2027 411 quae
2056 334 2303 414 gignun-

390 430 485 480 tur
513 442 560 481 e
596 430 761 490 terra,
790 430 857 481 ut
898 424 1006 481 alia
1047 424 1269 501 generis
1296 423 1585 500 ejusdem:
1603 424 1838 501 partim
1865 421 2141 493 animalia,
2170 443 2302 501 quae

385 512 602 572 habent
625 532 759 571 suos
784 513 1028 591 impetus
1054 521 1114 571 et
1137 531 1326 592 rerum
1352 511 1656 589 appetitus.
1735 513 1950 570 Eorum
1975 520 2171 576 autem
2198 514 2306 572 alia

324 608 359 661 9
388 602 615 686 rationis
656 603 908 679 expertia
952 609 1101 669 sunt,
1130 602 1238 660 alia
1273 586 1489 659 ratione
1512 602 1744 664 utentia.
1825 603 2108 679 Expertes
2134 604 2301 664 ratio·
2394 635 2400 641 -

386 691 488 759 1118,
518 691 664 770 equi,
695 692 883 759 boves,
911 692 1142 770 reliquae
1193 691 1456 769 pecudes,
1499 709 1656 768 apes,
1687 710 1927 768 quarum
1968 707 2142 770 opere
2188 694 2302 752 effi·

285 787 360 839 10
389 782 536 841 citur
561 780 770 858 aliquid
796 780 871 838 ad
897 800 1064 862 usum
1090 780 1382 838 hominum
1409 787 1578 857 atque
1598 780 1788 838 vitam.
1845 781 2085 838 Ratione
2111 773 2302 840 autem

385 872 669 940 utentium
693 870 810 928 duo
845 885 1058 948 genera
1092 877 1329 947 ponunt,
1359 869 1596 927 deorum
1633 888 1827 946 unum,
1856 870 2099 934 alterum
2125 870 2300 928 homi-

386 978 539 1019 num.
621 960 776 1017 Deos
818 960 1074 1037 placatos
1118 958 1301 1037 pietas
1345 958 1548 1016 efficiet
1589 964 1649 1015 et
1690 958 1990 1016 sanctitas:
2049 960 2303 1036 proxime

284 1055 355 1107 11
386 1057 578 1108 autem
617 1057 678 1107 et
715 1045 1028 1138 secundum
1067 1048 1206 1107 deos
1244 1047 1593 1106 homines
1633 1031 2076 1106 11οωὶ1111188
2116 1066 2302 1105 max-

383 1139 404 1197 i
419 1159 477 1197 m
494 1158 527 1196 e
567 1139 679 1197 ιιι
663 1139 719 1196 11
735 1157 768 1196 e
784 1157 813 1198 8
852 1157 978 1196 8888
1016 1143 1272 1215 possunt.
1361 1137 1686 1213 Earumque
1739 1135 1876 1196 item
1920 1155 2128 1204 rerum,
2170 1156 2300 1213 quae

382 1235 623 1292 noceant
649 1234 708 1287 et
731 1228 937 1295 obsint,
968 1226 1171 1284 eadem
1207 1225 1409 1284 divisio
1444 1229 1551 1283 est.
1633 1225 1750 1286 Sed
1778 1225 1910 1302 quia
1936 1224 2074 1283 deos
2100 1244 2302 1284 nocete

382 1337 497 1376 non
523 1324 745 1396 putant,
766 1317 855 1374 his
876 1316 1154 1393 exceptis,
1163 1315 1420 1373 homines
1439 1314 1757 1373 homnibus
1778 1316 1977 1374 obesse
1998 1314 2303 1392 plurimum

383 1407 743 1496 arbitrantur.

280 1502 354 1554 12
460 1496 547 1554 Ea
588 1489 737 1553 8111111
779 1494 919 1572 ipsa,
948 1513 1079 1571 quae
1124 1491 1370 1554 inanima
1411 1492 1671 1561 diximuS,
1704 1493 1984 1570 „pleraque
2025 1499 2159 1561 sunt
2199 1492 2302 1551 ho-

382 1585 598 1643 minum
623 1585 811 1661 operis
836 1584 1053 1651 effecta,
1083 1581 1213 1660 quae
1241 1601 1348 1641 nec
1373 1571 1743 1650 haberemus?
1758 1582 1863 1639 nisi
1897 1601 2099 1639 manus
2124 1588 2185 1639 et
2210 1599 2303 1652 ars

382 1674 746 1733 accessisset:
785 1693 891 1732 nec
917 1673 1005 1731 his
1032 1672 1149 1731 sine
1175 1672 1468 1730 hominum
1494 1670 1969 1729 administratione
1995 1677 2300 1730 uteremur.

280 1769 353 1822 13
383 1763 588 1841 Neque
614 1763 761 1822 enim
786 1761 1125 1824 valetudinis
1165 1761 1398 1830 curati0,
1424 1779 1608 1839 neque
1644 1760 1944 1839 navigatiO,
1971 1777 2156 1840 neque
2183 1759 2305 1848 agri

382 1854 622 1922 cultura,
668 1871 855 1931 neque
894 1853 1130 1931 frugum
1175 1852 1578 1927 fructuumque
1623 1850 1966 1927 reliquorum
2012 1849 2303 1927 perceptio

281 1947 355 2002 14
383 1962 417 2001 e
430 1950 457 2001 t
482 1942 832 2003 conservatio
858 1942 975 2000 sine
1001 1941 1296 2008 hominum
1325 1959 1500 2018 opera
1524 1939 1642 2011 ulla
1668 1958 1792 1997 esse
1821 1929 2114 2016 potuisset.
2168 1937 2209 1997 J
2209 1949 2302 1995 am

382 2052 518 2092 vero
556 2040 617 2091 et
654 2049 851 2092 earum
888 2050 1096 2099 rerum,
1138 2030 1344 2108 quibus
1374 2029 1822 2096 abundaremus,
1865 2026 2200 2129 exportatio,
2244 2033 2306 2085 et

383 2141 597 2202 earum,
625 2121 832 2200 quibus
872 2138 1188 2198 egeremus,
1217 2119 1476 2186 invectio,
1506 2125 1659 2176 certe
1676 2101 1852 2175 nulla
1887 2124 2055 2185 esset,
2083 2116 2199 2182 nisi
2216 2094 2305 2178 1118

281 2217 354 2270 15
384 2208 989 2268 muneribus-homines
1007 2209 1399 2292 fungerentur.
1451 2207 1782 2286 Eademque
1802 2206 2017 2264 ratione
2036 2224 2140 2265 nec
2160 2205 2300 2283 lapi-

383 2299 486 2357 des
525 2317 559 2355 e
597 2304 750 2356 terra
788 2296 1178 2363 exciderentur
1217 2296 1292 2353 ad
1338 2315 1507 2354 usum
1552 2302 1811 2354 nostrum
1856 2294 2170 2363 necessarii,
2211 2314 2303 2352 nec

365 2389 613 2465 finum,
656 2405 747 2460 oes,
788 2405 1015 2454 aarum,
1056 2393 1349 2460 argentum
1387 2384 1730 2464 effoderetur
1765 2386 1994 2460 penitus
2031 2384 2301 2453 abditum,

383 2478 502 2537 sine
543 2475 836 2536 hominum
876 2475 1069 2535 labore
1109 2482 1169 2556 et
1209 2494 1398 2534 manu.
1480 2474 1587 2533 IV.
1630 2467 1805 2533 Tecta
1829 2493 1980 2541 vero,
2010 2473 2216 2550 quibus
2243 2480 2303 2531 et

382 2567 661 2647 frigorum
681 2566 765 2625 vis
785 2565 1107 2645 pelleretur,
1128 2565 1461 2624 etcalorum
1482 2563 1761 2622 molestiae
1786 2560 2132 2630 sedarentur,
2149 2562 2302 2620 unde

381 2664 484 2715 aut
501 2731 504 2736 .
521 2657 674 2715 initio
709 2656 901 2735 generi
940 2655 1190 2714 humano
1225 2654 1353 2735 dari
1383 2654 1717 2733 potuissent,
1747 2659 1848 2711 aut
1874 2658 2073 2730 postea
2099 2648 2302 2709 subve-

381 2745 503 2812 niri,
532 2746 581 2803 si
605 2752 707 2803 aut
731 2746 788 2804 vi
819 2745 1173 2822 tempestatis
1200 2751 1303 2802 aut
1339 2751 1509 2801 terrae
1533 2730 1698 2801 motu
1723 2749 1825 2799 aut
1847 2747 2133 2799 vetustate
2161 2739 2300 2799 ceci-

382 2834 613 2901 dissent,
640 2833 745 2891 nisi
771 2834 1082 2891 communis
1108 2833 1225 2891 viva
1250 2833 1325 2891 ab
1350 2832 1672 2890 hominibus
1697 2831 1901 2889 harum
1927 2849 2118 2888 rerum
2145 2828 2301 2900 auxi-

313 2932 349 2986 2
380 2921 459 2981 lia
475 2931 668 2999 petere
689 2920 975 2979 didicisset
991 2923 1020 2979 ‘2
1060 2919 1235 2980 Adde
1254 2915 1463 2979 ductus
1485 2939 1778 2999 aquarum,
1802 2918 2176 2978 derivationes
2197 2919 2300 2976 flu-

377 3011 611 3079 minum,
630 3029 900 3094 agrorum
910 3009 1276 3089 irrigationes,
1293 3010 1472 3068 moles
1489 3007 1782 3089 oppositas
1797 3008 2083 3075 fluetibus,
2103 3015 2303 3086 portus
2368 3015 2377 3018 *

380 3120 555 3159 manu
591 3089 950 3178 factos,'quae
987 3099 1140 3159 unde
1178 3099 1296 3170 sine
1331 3099 1624 3158 hominum
1662 3118 1835 3177 opere
1870 3098 2082 3157 habere
2110 3115 2301 3174 posse-

239 3227 248 3232 ·
317 3198 353 3251 3
381 3210 509 3250 mus
525 3192 554 3249 ‘2
620 3189 709 3248 Ex
734 3189 1270 3268 quibus‘multisque
1295 3188 1416 3247 aliis
1443 3188 1806 3268 perspicuum
1833 3194 1937 3255 est,
1960 3186 2060 3264 qui
2083 3186 2304 3244 fructus

382 3298 624 3358 quaeque
650 3278 920 3339 utilitates
946 3298 1018 3339 ex
1043 3279 1214 3338 rebus
1240 3278 1324 3347 iis,
1353 3289 1484 3356 quae
1512 3285 1646 3336 sunt
1681 3277 1964 3346 inanimae,
1991 3274 2304 3353 percipian-

355 3375 467 3437 tur,
508 3387 605 3428 eas
650 3387 755 3427 nos
799 3369 957 3430 nullo
1003 3368 1173 3428 modo
1219 3365 1339 3427 sine
1378 3366 1669 3426 hominum
1708 3385 1881 3442 manu
1919 3371 2092 3441 atque
2132 3381 2307 3442 opera

317 3464 355 3515 4
383 3476 586 3534 capere
628 3457 895 3535 potuisse.
979 3457 1090 3527 Qui
1130 3456 1372 3534 denique
1413 3475 1486 3514 ex
1524 3456 1717 3517 bestiis
1754 3444 1994 3522 fructus,
2032 3460 2134 3511 aut
2172 3472 2302 3529 quae

321 3554 355 3608 5
384 3546 774 3616 commoditas,
799 3546 904 3608 nisi
937 3545 1190 3606 homines
1217 3545 1570 3625 adjuvarent,
1599 3545 1815 3626 percipi
1840 3549 2036 3625 posset
2051 3544 2080 3602 ‘2
2151 3542 2212 3602 N
2211 3560 2306 3601 am
