<?xml version="1.0" encoding="UTF-8"?>
<!DOCTYPE html PUBLIC "-//W3C//DTD XHTML 1.0 Transitional//EN"
    "http://www.w3.org/TR/xhtml1/DTD/xhtml1-transitional.dtd">
<html xmlns="http://www.w3.org/1999/xhtml" xml:lang="en" lang="en">
 <head>
  <title>
</title>
<meta http-equiv="Content-Type" content="text/html;charset=utf-8" />
  <meta name='ocr-system' content='tesseract 3.04.00' />
  <meta name='ocr-capabilities' content='ocr_page ocr_carea ocr_par ocr_line ocrx_word'/>
</head>
<body>
  <div class='ocr_page' id='page_1' title='image "./deofficiislibri05cicegoog_0041.png"; bbox 0 0 2592 4142; ppageno 0'>
   <div class='ocr_carea' id='block_1_1' title="bbox 923 260 2277 319">
    <p class='ocr_par' dir='ltr' id='par_1_1' title="bbox 923 260 2277 319">
     <span class='ocr_line' id='line_1_1' title="bbox 923 260 2277 319; baseline 0.004 -5"><span class='ocrx_word' id='word_1_1' title='bbox 923 275 1098 317; x_wconf 70' lang='grc'><strong>11111111</strong></span> <span class='ocrx_word' id='word_1_2' title='bbox 1123 276 1162 317; x_wconf 85' lang='grc'><strong>1.</strong></span> <span class='ocrx_word' id='word_1_3' title='bbox 1245 277 1379 317; x_wconf 64' lang='lat' dir='ltr'><strong>car.</strong></span> <span class='ocrx_word' id='word_1_4' title='bbox 1409 278 1578 319; x_wconf 77' lang='lat' dir='ltr'><strong>xvm.</strong></span> <span class='ocrx_word' id='word_1_5' title='bbox 2198 260 2277 319; x_wconf 69' lang='lat'><strong>26</strong></span> 
     </span>
    </p>
   </div>
   <div class='ocr_carea' id='block_1_2' title="bbox 232 361 2174 483">
    <p class='ocr_par' dir='ltr' id='par_1_2' title="bbox 232 361 2174 483">
     <span class='ocr_line' id='line_1_2' title="bbox 232 361 2174 483; baseline 0.001 -20"><span class='ocrx_word' id='word_1_6' title='bbox 232 361 419 473; x_wconf 77' lang='lat' dir='ltr'><strong>liberi,</strong></span> <span class='ocrx_word' id='word_1_7' title='bbox 469 402 789 483; x_wconf 80' lang='lat' dir='ltr'><strong>propinqui,</strong></span> <span class='ocrx_word' id='word_1_8' title='bbox 837 403 1140 481; x_wconf 78' lang='lat' dir='ltr'>familiares</span> <span class='ocrx_word' id='word_1_9' title='bbox 1157 423 1175 464; x_wconf 82' lang='lat'><strong>:-</strong></span> <span class='ocrx_word' id='word_1_10' title='bbox 1231 406 1335 465; x_wconf 90' lang='lat' dir='ltr'><strong>sed</strong></span> <span class='ocrx_word' id='word_1_11' title='bbox 1378 422 1572 466; x_wconf 89' lang='lat' dir='ltr'><strong>omnes</strong></span> <span class='ocrx_word' id='word_1_12' title='bbox 1616 405 1865 467; x_wconf 85' lang='lat' dir='ltr'><strong>omnium</strong></span> <span class='ocrx_word' id='word_1_13' title='bbox 1911 404 2174 467; x_wconf 80' lang='lat' dir='ltr'><strong>caritates</strong></span> 
     </span>
    </p>
   </div>
   <div class='ocr_carea' id='block_1_3' title="bbox 190 488 2170 577">
    <p class='ocr_par' dir='ltr' id='par_1_3' title="bbox 190 488 2170 577">
     <span class='ocr_line' id='line_1_3' title="bbox 190 488 2170 577; baseline 0.002 -26"><span class='ocrx_word' id='word_1_14' title='bbox 190 502 199 505; x_wconf 72' lang='grc'><em>’</em></span> <span class='ocrx_word' id='word_1_15' title='bbox 234 493 428 572; x_wconf 87' lang='lat' dir='ltr'><strong>patria</strong></span> <span class='ocrx_word' id='word_1_16' title='bbox 466 488 599 552; x_wconf 40' lang='lat' dir='ltr'><strong>una*</strong></span> <span class='ocrx_word' id='word_1_17' title='bbox 618 493 927 577; x_wconf 75' lang='lat' dir='ltr'><strong>complexa</strong></span> <span class='ocrx_word' id='word_1_18' title='bbox 966 501 1090 553; x_wconf 82' lang='lat' dir='ltr'><strong>est:</strong></span> <span class='ocrx_word' id='word_1_19' title='bbox 1134 508 1237 573; x_wconf 87' lang='lat' dir='ltr'><strong>pro</strong></span> <span class='ocrx_word' id='word_1_20' title='bbox 1262 515 1379 573; x_wconf 88' lang='lat' dir='ltr'><strong>qua</strong></span> <span class='ocrx_word' id='word_1_21' title='bbox 1404 496 1529 574; x_wconf 83' lang='grc'><strong>81118</strong></span> <span class='ocrx_word' id='word_1_22' title='bbox 1558 497 1746 559; x_wconf 76' lang='lat' dir='ltr'><strong>bonus</strong></span> <span class='ocrx_word' id='word_1_23' title='bbox 1769 495 1994 555; x_wconf 87' lang='lat' dir='ltr'><strong>dubitet</strong></span> <span class='ocrx_word' id='word_1_24' title='bbox 2019 512 2170 554; x_wconf 85' lang='lat' dir='ltr'><strong>mor·</strong></span> 
     </span>
    </p>
   </div>
   <div class='ocr_carea' id='block_1_4' title="bbox 233 574 2322 1737">
    <p class='ocr_par' dir='ltr' id='par_1_4' title="bbox 233 574 2274 752">
     <span class='ocr_line' id='line_1_4' title="bbox 233 574 2274 661; baseline 0 -20"><span class='ocrx_word' id='word_1_25' title='bbox 233 574 361 641; x_wconf 81' lang='lat' dir='ltr'><strong>tem</strong></span> <span class='ocrx_word' id='word_1_26' title='bbox 401 590 693 661; x_wconf 78' lang='lat' dir='ltr'><strong>oppetere,</strong></span> <span class='ocrx_word' id='word_1_27' title='bbox 734 583 782 641; x_wconf 91' lang='lat' dir='ltr'><strong>si</strong></span> <span class='ocrx_word' id='word_1_28' title='bbox 817 583 871 641; x_wconf 90' lang='lat' dir='ltr'><strong>ei</strong></span> <span class='ocrx_word' id='word_1_29' title='bbox 904 583 978 641; x_wconf 90' lang='lat' dir='ltr'><strong>sit</strong></span> <span class='ocrx_word' id='word_1_30' title='bbox 1017 584 1351 661; x_wconf 87' lang='lat' dir='ltr'><strong>profuturus</strong></span> <span class='ocrx_word' id='word_1_31' title='bbox 1369 585 1401 643; x_wconf 72' lang='lat'><em>2</em></span> <span class='ocrx_word' id='word_1_32' title='bbox 1483 585 1612 654; x_wconf 73' lang='lat' dir='ltr'><strong>Quo</strong></span> <span class='ocrx_word' id='word_1_33' title='bbox 1655 593 1744 643; x_wconf 87' lang='lat' dir='ltr'><strong>est</strong></span> <span class='ocrx_word' id='word_1_34' title='bbox 1785 583 2170 643; x_wconf 81' lang='lat' dir='ltr'><strong>detestabilior</strong></span> <span class='ocrx_word' id='word_1_35' title='bbox 2200 588 2274 642; x_wconf 80' lang='lat'><strong>13</strong></span> 
     </span>
     <span class='ocr_line' id='line_1_5' title="bbox 233 672 2171 752; baseline 0.002 -23"><span class='ocrx_word' id='word_1_36' title='bbox 233 672 478 733; x_wconf 85' lang='lat' dir='ltr'><strong>istorum</strong></span> <span class='ocrx_word' id='word_1_37' title='bbox 516 672 852 740; x_wconf 72' lang='lat' dir='ltr'><strong>immanitas,</strong></span> <span class='ocrx_word' id='word_1_38' title='bbox 882 673 980 750; x_wconf 90' lang='lat' dir='ltr'><strong>qui</strong></span> <span class='ocrx_word' id='word_1_39' title='bbox 1020 673 1339 731; x_wconf 84' lang='lat' dir='ltr'><strong>lacerarunt</strong></span> <span class='ocrx_word' id='word_1_40' title='bbox 1373 674 1527 734; x_wconf 89' lang='lat' dir='ltr'><strong>omni</strong></span> <span class='ocrx_word' id='word_1_41' title='bbox 1567 673 1779 733; x_wconf 88' lang='lat' dir='ltr'><strong>scelere</strong></span> <span class='ocrx_word' id='word_1_42' title='bbox 1819 673 2082 752; x_wconf 87' lang='lat' dir='ltr'><strong>patriam,</strong></span> <span class='ocrx_word' id='word_1_43' title='bbox 2109 678 2171 732; x_wconf 87' lang='lat' dir='ltr'><strong>et</strong></span> 
     </span>
    </p>

    <p class='ocr_par' dir='ltr' id='par_1_5' title="bbox 233 758 2322 1737">
     <span class='ocr_line' id='line_1_6' title="bbox 233 758 2322 843; baseline 0.001 -23"><span class='ocrx_word' id='word_1_44' title='bbox 233 761 296 819; x_wconf 89' lang='lat' dir='ltr'><strong>in</strong></span> <span class='ocrx_word' id='word_1_45' title='bbox 323 781 395 820; x_wconf 89' lang='lat' dir='ltr'><strong>ea</strong></span> <span class='ocrx_word' id='word_1_46' title='bbox 418 758 677 819; x_wconf 87' lang='lat' dir='ltr'><strong>funditus</strong></span> <span class='ocrx_word' id='word_1_47' title='bbox 696 760 949 819; x_wconf 87' lang='lat' dir='ltr'><strong>delenda</strong></span> <span class='ocrx_word' id='word_1_48' title='bbox 974 762 1238 843; x_wconf 75' lang='lat' dir='ltr'><strong>occupati</strong></span> <span class='ocrx_word' id='word_1_49' title='bbox 1278 769 1339 821; x_wconf 91' lang='lat' dir='ltr'><strong>et</strong></span> <span class='ocrx_word' id='word_1_50' title='bbox 1378 771 1512 825; x_wconf 87' lang='lat' dir='ltr'><strong>sunt</strong></span> <span class='ocrx_word' id='word_1_51' title='bbox 1548 772 1609 822; x_wconf 91' lang='lat' dir='ltr'><strong>et</strong></span> <span class='ocrx_word' id='word_1_52' title='bbox 1645 764 1892 823; x_wconf 87' lang='lat' dir='ltr'><strong>fuerunt.</strong></span> <span class='ocrx_word' id='word_1_53' title='bbox 1974 762 2095 823; x_wconf 82' lang='lat' dir='ltr'><strong>Sed</strong></span> <span class='ocrx_word' id='word_1_54' title='bbox 2120 763 2169 823; x_wconf 90' lang='lat' dir='ltr'><strong>si</strong></span> <span class='ocrx_word' id='word_1_55' title='bbox 2198 767 2275 822; x_wconf 83' lang='lat'><strong>14</strong></span> <span class='ocrx_word' id='word_1_56' title='bbox 2317 764 2322 769; x_wconf 58' lang='lat'><strong>⁴</strong></span> 
     </span>
     <span class='ocr_line' id='line_1_7' title="bbox 237 849 2234 931; baseline 0.002 -22"><span class='ocrx_word' id='word_1_57' title='bbox 237 850 526 909; x_wconf 83' lang='lat' dir='ltr'><strong>contentio</strong></span> <span class='ocrx_word' id='word_1_58' title='bbox 552 849 819 928; x_wconf 68' lang='lat' dir='ltr'><strong>quiedam</strong></span> <span class='ocrx_word' id='word_1_59' title='bbox 857 857 918 908; x_wconf 91' lang='lat' dir='ltr'><strong>et</strong></span> <span class='ocrx_word' id='word_1_60' title='bbox 956 851 1308 929; x_wconf 84' lang='lat' dir='ltr'><strong>comparatio</strong></span> <span class='ocrx_word' id='word_1_61' title='bbox 1337 852 1466 920; x_wconf 80' lang='lat' dir='ltr'><strong>fiat,</strong></span> <span class='ocrx_word' id='word_1_62' title='bbox 1495 852 1699 931; x_wconf 84' lang='lat' dir='ltr'><strong>quibus</strong></span> <span class='ocrx_word' id='word_1_63' title='bbox 1737 853 2045 931; x_wconf 87' lang='lat' dir='ltr'><strong>plurimum</strong></span> <span class='ocrx_word' id='word_1_64' title='bbox 2067 852 2167 912; x_wconf 88' lang='lat' dir='ltr'><strong>tri-</strong></span> <span class='ocrx_word' id='word_1_65' title='bbox 2227 900 2234 905; x_wconf 69' lang='grc'><strong>-</strong></span> 
     </span>
     <span class='ocr_line' id='line_1_8' title="bbox 238 937 2170 1020; baseline 0.002 -22"><span class='ocrx_word' id='word_1_66' title='bbox 238 937 537 1000; x_wconf 88' lang='lat' dir='ltr'><strong>buendum</strong></span> <span class='ocrx_word' id='word_1_67' title='bbox 563 939 638 997; x_wconf 91' lang='lat' dir='ltr'><strong>sit</strong></span> <span class='ocrx_word' id='word_1_68' title='bbox 662 938 842 1007; x_wconf 91' lang='lat' dir='ltr'><strong>officii,</strong></span> <span class='ocrx_word' id='word_1_69' title='bbox 872 938 1159 1017; x_wconf 77' lang='lat' dir='ltr'><strong>principes</strong></span> <span class='ocrx_word' id='word_1_70' title='bbox 1183 939 1296 998; x_wconf 89' lang='lat' dir='ltr'><strong>sint</strong></span> <span class='ocrx_word' id='word_1_71' title='bbox 1322 940 1507 1018; x_wconf 89' lang='lat' dir='ltr'><strong>patria</strong></span> <span class='ocrx_word' id='word_1_72' title='bbox 1531 947 1592 999; x_wconf 91' lang='lat' dir='ltr'><strong>et</strong></span> <span class='ocrx_word' id='word_1_73' title='bbox 1616 949 1900 1020; x_wconf 85' lang='lat' dir='ltr'><strong>parentes,</strong></span> <span class='ocrx_word' id='word_1_74' title='bbox 1925 960 2170 1020; x_wconf 89' lang='lat' dir='ltr'><strong>quorum</strong></span> 
     </span>
     <span class='ocr_line' id='line_1_9' title="bbox 237 1027 2167 1109; baseline 0.002 -22"><span class='ocrx_word' id='word_1_75' title='bbox 237 1028 523 1100; x_wconf 84' lang='lat' dir='ltr'><strong>beneficiis</strong></span> <span class='ocrx_word' id='word_1_76' title='bbox 561 1027 821 1087; x_wconf 86' lang='lat' dir='ltr'><strong>maximis</strong></span> <span class='ocrx_word' id='word_1_77' title='bbox 859 1029 1096 1107; x_wconf 79' lang='lat' dir='ltr'><strong>obligati</strong></span> <span class='ocrx_word' id='word_1_78' title='bbox 1131 1038 1363 1088; x_wconf 86' lang='lat' dir='ltr'><strong>sumus:</strong></span> <span class='ocrx_word' id='word_1_79' title='bbox 1427 1030 1668 1108; x_wconf 84' lang='lat' dir='ltr'>proximi</span> <span class='ocrx_word' id='word_1_80' title='bbox 1711 1030 1890 1100; x_wconf 83' lang='grc'><strong>118811,</strong></span> <span class='ocrx_word' id='word_1_81' title='bbox 1932 1036 2167 1109; x_wconf 85' lang='lat' dir='ltr'><strong>totaque</strong></span> 
     </span>
     <span class='ocr_line' id='line_1_10' title="bbox 239 1118 2170 1198; baseline 0.001 -21"><span class='ocrx_word' id='word_1_82' title='bbox 239 1118 466 1189; x_wconf 88' lang='lat' dir='ltr'><strong>domus,</strong></span> <span class='ocrx_word' id='word_1_83' title='bbox 495 1137 628 1196; x_wconf 84' lang='lat' dir='ltr'><strong>quae</strong></span> <span class='ocrx_word' id='word_1_84' title='bbox 672 1124 898 1196; x_wconf 84' lang='lat' dir='ltr'><strong>spectat</strong></span> <span class='ocrx_word' id='word_1_85' title='bbox 935 1118 992 1176; x_wconf 93' lang='lat' dir='ltr'><strong>in</strong></span> <span class='ocrx_word' id='word_1_86' title='bbox 1029 1136 1134 1176; x_wconf 84' lang='lat' dir='ltr'><strong>nos</strong></span> <span class='ocrx_word' id='word_1_87' title='bbox 1164 1119 1352 1188; x_wconf 73' lang='grc'><strong>80108,</strong></span> <span class='ocrx_word' id='word_1_88' title='bbox 1376 1138 1562 1197; x_wconf 84' lang='lat' dir='ltr'><strong>neque</strong></span> <span class='ocrx_word' id='word_1_89' title='bbox 1588 1118 1743 1179; x_wconf 86' lang='lat' dir='ltr'><strong>aliud</strong></span> <span class='ocrx_word' id='word_1_90' title='bbox 1768 1120 1951 1181; x_wconf 83' lang='lat' dir='ltr'><strong>ullum</strong></span> <span class='ocrx_word' id='word_1_91' title='bbox 1976 1124 2170 1198; x_wconf 84' lang='lat' dir='ltr'><strong>potest</strong></span> 
     </span>
     <span class='ocr_line' id='line_1_11' title="bbox 236 1205 2166 1289; baseline -0.001 -22"><span class='ocrx_word' id='word_1_92' title='bbox 236 1209 467 1269; x_wconf 47' lang='lat' dir='ltr'><strong>habere*</strong></span> <span class='ocrx_word' id='word_1_93' title='bbox 494 1207 862 1286; x_wconf 79' lang='lat' dir='ltr'>perfugium:</span> <span class='ocrx_word' id='word_1_94' title='bbox 904 1205 1174 1285; x_wconf 75' lang='lat' dir='ltr'><strong>deinceps</strong></span> <span class='ocrx_word' id='word_1_95' title='bbox 1220 1208 1367 1267; x_wconf 87' lang='lat' dir='ltr'><strong>bene</strong></span> <span class='ocrx_word' id='word_1_96' title='bbox 1408 1208 1803 1268; x_wconf 84' lang='lat' dir='ltr'><strong>convenientes</strong></span> <span class='ocrx_word' id='word_1_97' title='bbox 1848 1208 2166 1289; x_wconf 90' lang='lat' dir='ltr'><strong>propinqui,</strong></span> 
     </span>
     <span class='ocr_line' id='line_1_12' title="bbox 237 1296 2273 1377; baseline 0.001 -21"><span class='ocrx_word' id='word_1_98' title='bbox 237 1298 581 1376; x_wconf 76' lang='lat' dir='ltr'><strong>quibuscum</strong></span> <span class='ocrx_word' id='word_1_99' title='bbox 605 1296 921 1357; x_wconf 88' lang='lat' dir='ltr'><strong>communis</strong></span> <span class='ocrx_word' id='word_1_100' title='bbox 949 1297 1121 1355; x_wconf 77' lang='lat' dir='ltr'><strong>etiam</strong></span> <span class='ocrx_word' id='word_1_101' title='bbox 1163 1297 1393 1367; x_wconf 78' lang='lat' dir='ltr'><strong>fortuna</strong></span> <span class='ocrx_word' id='word_1_102' title='bbox 1434 1297 1767 1377; x_wconf 88' lang='lat' dir='ltr'><strong>plerumque</strong></span> <span class='ocrx_word' id='word_1_103' title='bbox 1792 1303 1899 1375; x_wconf 82' lang='lat' dir='ltr'><strong>est.</strong></span> <span class='ocrx_word' id='word_1_104' title='bbox 1981 1298 2168 1368; x_wconf 83' lang='lat' dir='ltr'><strong>Quam</strong></span> <span class='ocrx_word' id='word_1_105' title='bbox 2196 1303 2273 1359; x_wconf 72' lang='grc'><strong>111</strong></span> 
     </span>
     <span class='ocr_line' id='line_1_13' title="bbox 236 1379 2167 1466; baseline 0.001 -20"><span class='ocrx_word' id='word_1_106' title='bbox 236 1388 317 1448; x_wconf 92' lang='grc'><strong>08</strong></span> <span class='ocrx_word' id='word_1_107' title='bbox 357 1405 480 1453; x_wconf 83' lang='lat' dir='ltr'><strong>rem</strong></span> <span class='ocrx_word' id='word_1_108' title='bbox 518 1385 841 1445; x_wconf 80' lang='lat' dir='ltr'><strong>necessaria</strong></span> <span class='ocrx_word' id='word_1_109' title='bbox 874 1379 1146 1463; x_wconf 66' lang='grc'><strong>111-18811118</strong></span> <span class='ocrx_word' id='word_1_110' title='bbox 1169 1384 1304 1446; x_wconf 81' lang='lat' dir='ltr'><strong>vitae</strong></span> <span class='ocrx_word' id='word_1_111' title='bbox 1329 1387 1611 1453; x_wconf 79' lang='lat' dir='ltr'><strong>debentur</strong></span> <span class='ocrx_word' id='word_1_112' title='bbox 1634 1388 1710 1448; x_wconf 77' lang='lat' dir='ltr'><strong>iis</strong></span> <span class='ocrx_word' id='word_1_113' title='bbox 1735 1387 1995 1457; x_wconf 82' lang='lat' dir='ltr'><strong>maxime,</strong></span> <span class='ocrx_word' id='word_1_114' title='bbox 2022 1405 2167 1466; x_wconf 82' lang='lat' dir='ltr'><strong>quos</strong></span> 
     </span>
     <span class='ocr_line' id='line_1_14' title="bbox 235 1474 2166 1555; baseline 0.001 -20"><span class='ocrx_word' id='word_1_115' title='bbox 235 1484 375 1535; x_wconf 81' lang='lat' dir='ltr'><strong>ante</strong></span> <span class='ocrx_word' id='word_1_116' title='bbox 414 1476 567 1539; x_wconf 91' lang='lat' dir='ltr'><strong>dixi.</strong></span> <span class='ocrx_word' id='word_1_117' title='bbox 606 1474 727 1533; x_wconf 85' lang='lat' dir='ltr'><strong>vita</strong></span> <span class='ocrx_word' id='word_1_118' title='bbox 763 1481 958 1537; x_wconf 85' lang='lat' dir='ltr'><strong>autem</strong></span> <span class='ocrx_word' id='word_1_119' title='bbox 984 1475 1282 1555; x_wconf 85' lang='lat' dir='ltr'><strong>victusque</strong></span> <span class='ocrx_word' id='word_1_120' title='bbox 1324 1477 2166 1548; x_wconf 81' lang='grc'><strong>8018818818,801181118,881·180-</strong></span> 
     </span>
     <span class='ocr_line' id='line_1_15' title="bbox 236 1563 2168 1647; baseline 0.002 -23"><span class='ocrx_word' id='word_1_121' title='bbox 236 1584 363 1637; x_wconf 73' lang='grc'><strong>888,</strong></span> <span class='ocrx_word' id='word_1_122' title='bbox 390 1563 824 1634; x_wconf 85' lang='lat' dir='ltr'><strong>cohortationes,</strong></span> <span class='ocrx_word' id='word_1_123' title='bbox 856 1564 1281 1634; x_wconf 87' lang='lat' dir='ltr'><strong>consolationes,</strong></span> <span class='ocrx_word' id='word_1_124' title='bbox 1310 1565 1595 1627; x_wconf 82' lang='lat' dir='ltr'><strong>interdum</strong></span> <span class='ocrx_word' id='word_1_125' title='bbox 1621 1567 1792 1626; x_wconf 83' lang='lat' dir='ltr'><strong>etiam</strong></span> <span class='ocrx_word' id='word_1_126' title='bbox 1817 1567 2168 1647; x_wconf 81' lang='lat' dir='ltr'><strong>objurgatio-</strong></span> 
     </span>
     <span class='ocr_line' id='line_1_16' title="bbox 234 1653 2165 1737; baseline 0.002 -23"><span class='ocrx_word' id='word_1_127' title='bbox 234 1674 345 1714; x_wconf 85' lang='lat' dir='ltr'><strong>nes</strong></span> <span class='ocrx_word' id='word_1_128' title='bbox 368 1655 429 1713; x_wconf 93' lang='lat' dir='ltr'><strong>in</strong></span> <span class='ocrx_word' id='word_1_129' title='bbox 452 1653 706 1713; x_wconf 73' lang='lat' dir='ltr'><strong>amicitiis</strong></span> <span class='ocrx_word' id='word_1_130' title='bbox 732 1653 928 1732; x_wconf 83' lang='lat' dir='ltr'><strong>vigent</strong></span> <span class='ocrx_word' id='word_1_131' title='bbox 953 1654 1227 1715; x_wconf 86' lang='lat' dir='ltr'><strong>maxime:</strong></span> <span class='ocrx_word' id='word_1_132' title='bbox 1269 1662 1476 1735; x_wconf 86' lang='lat' dir='ltr'><strong>estque</strong></span> <span class='ocrx_word' id='word_1_133' title='bbox 1499 1674 1568 1715; x_wconf 89' lang='lat' dir='ltr'><strong>ea</strong></span> <span class='ocrx_word' id='word_1_134' title='bbox 1587 1656 2000 1737; x_wconf 85' lang='lat' dir='ltr'><strong>jucundissima</strong></span> <span class='ocrx_word' id='word_1_135' title='bbox 2024 1655 2165 1718; x_wconf 87' lang='lat' dir='ltr'><strong>ami-</strong></span> 
     </span>
    </p>
   </div>
   <div class='ocr_carea' id='block_1_5' title="bbox 207 1742 1546 1848">
    <p class='ocr_par' dir='ltr' id='par_1_6' title="bbox 207 1742 1546 1848">
     <span class='ocr_line' id='line_1_17' title="bbox 207 1742 1546 1848; baseline 0.001 -43"><span class='ocrx_word' id='word_1_136' title='bbox 207 1836 218 1848; x_wconf 33' lang='lat'>⁸</span> <span class='ocrx_word' id='word_1_137' title='bbox 238 1745 391 1814; x_wconf 87' lang='grc'><strong>8168</strong></span> <span class='ocrx_word' id='word_1_138' title='bbox 418 1761 592 1824; x_wconf 86' lang='lat' dir='ltr'><strong>quam</strong></span> <span class='ocrx_word' id='word_1_139' title='bbox 617 1742 925 1805; x_wconf 78' lang='lat' dir='ltr'><strong>similitudo</strong></span> <span class='ocrx_word' id='word_1_140' title='bbox 949 1762 1175 1805; x_wconf 89' lang='lat' dir='ltr'><strong>morum</strong></span> <span class='ocrx_word' id='word_1_141' title='bbox 1200 1745 1546 1826; x_wconf 76' lang='lat' dir='ltr'><strong>conjugavit.</strong></span> 
     </span>
    </p>
   </div>
   <div class='ocr_carea' id='block_1_6' title="bbox 318 1920 2167 2027">
    <p class='ocr_par' dir='ltr' id='par_1_7' title="bbox 318 1920 2167 2027">
     <span class='ocr_line' id='line_1_18' title="bbox 318 1920 2167 2027; baseline 0.001 -44"><span class='ocrx_word' id='word_1_142' title='bbox 318 1923 547 1983; x_wconf 87' lang='lat' dir='ltr'>XVIII.</span> <span class='ocrx_word' id='word_1_143' title='bbox 588 1921 741 1982; x_wconf 83' lang='lat' dir='ltr'><strong>Sed</strong></span> <span class='ocrx_word' id='word_1_144' title='bbox 724 1940 784 1979; x_wconf 88' lang='lat' dir='ltr'><strong>m</strong></span> <span class='ocrx_word' id='word_1_145' title='bbox 801 1920 890 1980; x_wconf 86' lang='lat' dir='ltr'><strong>his</strong></span> <span class='ocrx_word' id='word_1_146' title='bbox 906 1923 1169 1983; x_wconf 86' lang='lat' dir='ltr'><strong>omnibus</strong></span> <span class='ocrx_word' id='word_1_147' title='bbox 1183 1920 1377 1983; x_wconf 89' lang='lat' dir='ltr'><strong>officiis</strong></span> <span class='ocrx_word' id='word_1_148' title='bbox 1391 1923 1705 1984; x_wconf 78' lang='lat' dir='ltr'><strong>tribuendis</strong></span> <span class='ocrx_word' id='word_1_149' title='bbox 1718 1923 2027 1983; x_wconf 86' lang='lat' dir='ltr'><strong>videndum</strong></span> <span class='ocrx_word' id='word_1_150' title='bbox 2042 1923 2167 2027; x_wconf 73' lang='grc'><strong>81115</strong></span> 
     </span>
    </p>
   </div>
   <div class='ocr_carea' id='block_1_7' title="bbox 176 2010 2238 2094">
    <p class='ocr_par' dir='ltr' id='par_1_8' title="bbox 176 2010 2238 2094">
     <span class='ocr_line' id='line_1_19' title="bbox 176 2010 2238 2094; baseline 0.001 -22"><span class='ocrx_word' id='word_1_151' title='bbox 176 2028 182 2033; x_wconf 91' lang='grc'><em>·</em></span> <span class='ocrx_word' id='word_1_152' title='bbox 236 2013 381 2093; x_wconf 83' lang='lat' dir='ltr'><strong>quid</strong></span> <span class='ocrx_word' id='word_1_153' title='bbox 421 2013 624 2092; x_wconf 89' lang='lat' dir='ltr'><strong>cuique</strong></span> <span class='ocrx_word' id='word_1_154' title='bbox 666 2010 911 2094; x_wconf 82' lang='lat' dir='ltr'><strong>maxime</strong></span> <span class='ocrx_word' id='word_1_155' title='bbox 954 2030 1188 2073; x_wconf 81' lang='lat' dir='ltr'><strong>necesse</strong></span> <span class='ocrx_word' id='word_1_156' title='bbox 1233 2013 1424 2083; x_wconf 83' lang='grc'><strong>811,81</strong></span> <span class='ocrx_word' id='word_1_157' title='bbox 1460 2012 1600 2093; x_wconf 84' lang='lat' dir='ltr'><strong>quid</strong></span> <span class='ocrx_word' id='word_1_158' title='bbox 1641 2012 1880 2093; x_wconf 86' lang='lat' dir='ltr'><strong>quisque</strong></span> <span class='ocrx_word' id='word_1_159' title='bbox 1917 2014 2010 2073; x_wconf 82' lang='lat' dir='ltr'><strong>vel</strong></span> <span class='ocrx_word' id='word_1_160' title='bbox 2048 2012 2169 2074; x_wconf 87' lang='lat' dir='ltr'><strong>sine</strong></span> <span class='ocrx_word' id='word_1_161' title='bbox 2233 2024 2238 2031; x_wconf 83' lang='lat'><strong>‘</strong></span> 
     </span>
    </p>
   </div>
   <div class='ocr_carea' id='block_1_8' title="bbox 235 2099 2323 2718">
    <p class='ocr_par' dir='ltr' id='par_1_9' title="bbox 235 2099 2323 2718">
     <span class='ocr_line' id='line_1_20' title="bbox 236 2099 2232 2183; baseline 0.002 -21"><span class='ocrx_word' id='word_1_162' title='bbox 236 2102 404 2162; x_wconf 86' lang='lat' dir='ltr'><strong>nobis</strong></span> <span class='ocrx_word' id='word_1_163' title='bbox 449 2109 551 2160; x_wconf 90' lang='lat' dir='ltr'><strong>aut</strong></span> <span class='ocrx_word' id='word_1_164' title='bbox 597 2099 807 2179; x_wconf 85' lang='lat' dir='ltr'><strong>possit</strong></span> <span class='ocrx_word' id='word_1_165' title='bbox 820 2102 1103 2181; x_wconf 87' lang='lat' dir='ltr'><strong>consequi,</strong></span> <span class='ocrx_word' id='word_1_166' title='bbox 1132 2108 1235 2161; x_wconf 90' lang='lat' dir='ltr'><strong>aut</strong></span> <span class='ocrx_word' id='word_1_167' title='bbox 1278 2121 1395 2162; x_wconf 89' lang='lat' dir='ltr'><strong>non</strong></span> <span class='ocrx_word' id='word_1_168' title='bbox 1435 2102 1632 2183; x_wconf 89' lang='lat' dir='ltr'><strong>possit.</strong></span> <span class='ocrx_word' id='word_1_169' title='bbox 1712 2102 1807 2161; x_wconf 90' lang='lat' dir='ltr'><strong>Ita</strong></span> <span class='ocrx_word' id='word_1_170' title='bbox 1844 2118 1959 2163; x_wconf 83' lang='lat' dir='ltr'><strong>non</strong></span> <span class='ocrx_word' id='word_1_171' title='bbox 1995 2102 2166 2167; x_wconf 89' lang='lat' dir='ltr'><strong>iidem</strong></span> <span class='ocrx_word' id='word_1_172' title='bbox 2194 2109 2232 2165; x_wconf 78' lang='lat'><em>2</em></span> 
     </span>
     <span class='ocr_line' id='line_1_21' title="bbox 236 2189 2176 2272; baseline 0.001 -20"><span class='ocrx_word' id='word_1_173' title='bbox 236 2199 409 2252; x_wconf 88' lang='lat' dir='ltr'><strong>erunt</strong></span> <span class='ocrx_word' id='word_1_174' title='bbox 433 2189 911 2252; x_wconf 85' lang='lat' dir='ltr'><strong>necessitudinum</strong></span> <span class='ocrx_word' id='word_1_175' title='bbox 936 2191 1171 2271; x_wconf 78' lang='lat' dir='ltr'><strong>gradus,</strong></span> <span class='ocrx_word' id='word_1_176' title='bbox 1192 2191 1293 2271; x_wconf 92' lang='lat' dir='ltr'><strong>qui</strong></span> <span class='ocrx_word' id='word_1_177' title='bbox 1317 2199 1671 2272; x_wconf 78' lang='lat' dir='ltr'><strong>temporum3</strong></span> <span class='ocrx_word' id='word_1_178' title='bbox 1684 2199 1942 2272; x_wconf 85' lang='lat' dir='ltr'><strong>suntque</strong></span> <span class='ocrx_word' id='word_1_179' title='bbox 1966 2193 2176 2264; x_wconf 82' lang='lat' dir='ltr'><strong>officia,</strong></span> 
     </span>
     <span class='ocr_line' id='line_1_22' title="bbox 235 2281 2168 2362; baseline 0.001 -20"><span class='ocrx_word' id='word_1_180' title='bbox 235 2302 373 2362; x_wconf 76' lang='lat' dir='ltr'><strong>quae</strong></span> <span class='ocrx_word' id='word_1_181' title='bbox 421 2281 544 2341; x_wconf 89' lang='lat' dir='ltr'><strong>aliis</strong></span> <span class='ocrx_word' id='word_1_182' title='bbox 588 2283 790 2360; x_wconf 78' lang='lat' dir='ltr'><strong>magis,</strong></span> <span class='ocrx_word' id='word_1_183' title='bbox 833 2300 1009 2361; x_wconf 90' lang='lat' dir='ltr'><strong>quam</strong></span> <span class='ocrx_word' id='word_1_184' title='bbox 1052 2281 1175 2340; x_wconf 86' lang='lat' dir='ltr'><strong>aliis</strong></span> <span class='ocrx_word' id='word_1_185' title='bbox 1221 2282 1575 2343; x_wconf 75' lang='lat' dir='ltr'><strong>debeantur.</strong></span> <span class='ocrx_word' id='word_1_186' title='bbox 1613 2290 1684 2342; x_wconf 87' lang='lat' dir='ltr'><strong>ut</strong></span> <span class='ocrx_word' id='word_1_187' title='bbox 1720 2283 1965 2343; x_wconf 77' lang='lat' dir='ltr'><strong>vicinum</strong></span> <span class='ocrx_word' id='word_1_188' title='bbox 2003 2282 2168 2344; x_wconf 82' lang='lat' dir='ltr'><strong>citius</strong></span> 
     </span>
     <span class='ocr_line' id='line_1_23' title="bbox 236 2370 2170 2452; baseline 0.002 -22"><span class='ocrx_word' id='word_1_189' title='bbox 236 2371 530 2452; x_wconf 79' lang='lat' dir='ltr'><strong>adjuveris</strong></span> <span class='ocrx_word' id='word_1_190' title='bbox 572 2371 633 2430; x_wconf 92' lang='lat' dir='ltr'><strong>in</strong></span> <span class='ocrx_word' id='word_1_191' title='bbox 671 2371 953 2436; x_wconf 70' lang='lat' dir='ltr'><strong>fructibus</strong></span> <span class='ocrx_word' id='word_1_192' title='bbox 995 2370 1388 2451; x_wconf 85' lang='lat' dir='ltr'><strong>percipiendis,</strong></span> <span class='ocrx_word' id='word_1_193' title='bbox 1414 2390 1589 2450; x_wconf 88' lang='lat' dir='ltr'><strong>quam</strong></span> <span class='ocrx_word' id='word_1_194' title='bbox 1627 2378 1732 2431; x_wconf 88' lang='lat' dir='ltr'><strong>aut</strong></span> <span class='ocrx_word' id='word_1_195' title='bbox 1772 2372 2024 2443; x_wconf 87' lang='lat' dir='ltr'><strong>fratrem,</strong></span> <span class='ocrx_word' id='word_1_196' title='bbox 2065 2378 2170 2433; x_wconf 84' lang='lat' dir='ltr'><strong>aut</strong></span> 
     </span>
     <span class='ocr_line' id='line_1_24' title="bbox 236 2460 2170 2597; baseline 0.002 -77"><span class='ocrx_word' id='word_1_197' title='bbox 236 2461 592 2530; x_wconf 88' lang='lat' dir='ltr'><strong>familiarem,</strong></span> <span class='ocrx_word' id='word_1_198' title='bbox 616 2468 711 2531; x_wconf 86' lang='lat' dir='ltr'><strong>at,</strong></span> <span class='ocrx_word' id='word_1_199' title='bbox 756 2462 807 2523; x_wconf 88' lang='grc'><strong>81</strong></span> <span class='ocrx_word' id='word_1_200' title='bbox 850 2461 920 2521; x_wconf 86' lang='grc'><strong>118</strong></span> <span class='ocrx_word' id='word_1_201' title='bbox 964 2461 1024 2522; x_wconf 88' lang='grc'><strong>18</strong></span> <span class='ocrx_word' id='word_1_202' title='bbox 1062 2460 1277 2540; x_wconf 89' lang='lat' dir='ltr'><strong>judicio</strong></span> <span class='ocrx_word' id='word_1_203' title='bbox 1320 2461 1432 2531; x_wconf 84' lang='lat' dir='ltr'><strong>sit,¹</strong></span> <span class='ocrx_word' id='word_1_204' title='bbox 1454 2461 1848 2597; x_wconf 81' lang='lat' dir='ltr'><strong>propinquum</strong></span> <span class='ocrx_word' id='word_1_205' title='bbox 1877 2461 2068 2540; x_wconf 77' lang='lat' dir='ltr'><strong>potius</strong></span> <span class='ocrx_word' id='word_1_206' title='bbox 2106 2466 2170 2523; x_wconf 83' lang='lat' dir='ltr'><strong>et</strong></span> 
     </span>
     <span class='ocr_line' id='line_1_25' title="bbox 237 2550 2323 2635; baseline -0.001 -24"><span class='ocrx_word' id='word_1_207' title='bbox 237 2550 506 2620; x_wconf 83' lang='lat' dir='ltr'><strong>amicum,</strong></span> <span class='ocrx_word' id='word_1_208' title='bbox 533 2569 708 2629; x_wconf 85' lang='lat' dir='ltr'><strong>quam</strong></span> <span class='ocrx_word' id='word_1_209' title='bbox 731 2551 977 2611; x_wconf 86' lang='lat' dir='ltr'><strong>vicinum</strong></span> <span class='ocrx_word' id='word_1_210' title='bbox 1001 2550 1337 2610; x_wconf 86' lang='lat' dir='ltr'><strong>defenderis.</strong></span> <span class='ocrx_word' id='word_1_211' title='bbox 2319 2628 2323 2635; x_wconf 72' lang='lat'>‚</span> 
     </span>
     <span class='ocr_line' id='line_1_26' title="bbox 319 2589 2232 2718; baseline 0 -18"><span class='ocrx_word' id='word_1_212' title='bbox 319 2639 472 2700; x_wconf 73' lang='lat' dir='ltr'><strong>Haec</strong></span> <span class='ocrx_word' id='word_1_213' title='bbox 512 2639 687 2718; x_wconf 82' lang='lat' dir='ltr'><strong>igitur</strong></span> <span class='ocrx_word' id='word_1_214' title='bbox 724 2647 786 2700; x_wconf 92' lang='lat' dir='ltr'><strong>et</strong></span> <span class='ocrx_word' id='word_1_215' title='bbox 822 2640 958 2701; x_wconf 82' lang='lat' dir='ltr'><strong>talia</strong></span> <span class='ocrx_word' id='word_1_216' title='bbox 996 2637 1505 2717; x_wconf 85' lang='lat' dir='ltr'><strong>circumspicienda</strong></span> <span class='ocrx_word' id='word_1_217' title='bbox 1529 2589 1664 2701; x_wconf 85' lang='lat' dir='ltr'><strong>sunt</strong></span> <span class='ocrx_word' id='word_1_218' title='bbox 1700 2637 1761 2698; x_wconf 88' lang='grc'><strong>18</strong></span> <span class='ocrx_word' id='word_1_219' title='bbox 1784 2637 1938 2699; x_wconf 86' lang='lat' dir='ltr'><strong>omni</strong></span> <span class='ocrx_word' id='word_1_220' title='bbox 1961 2635 2164 2709; x_wconf 84' lang='lat' dir='ltr'><strong>officio,</strong></span> <span class='ocrx_word' id='word_1_221' title='bbox 2192 2644 2232 2700; x_wconf 77' lang='lat'><em>8</em></span> 
     </span>
    </p>
   </div>
   <div class='ocr_carea' id='block_1_9' title="bbox 132 2727 2168 2835">
    <p class='ocr_par' dir='ltr' id='par_1_10' title="bbox 132 2727 2168 2835">
     <span class='ocr_line' id='line_1_27' title="bbox 132 2727 2168 2835; baseline 0 -47"><span class='ocrx_word' id='word_1_222' title='bbox 132 2759 139 2765; x_wconf 88' lang='lat'><strong>·</strong></span> <span class='ocrx_word' id='word_1_223' title='bbox 238 2734 301 2788; x_wconf 91' lang='lat' dir='ltr'><strong>et</strong></span> <span class='ocrx_word' id='word_1_224' title='bbox 327 2728 682 2789; x_wconf 86' lang='lat' dir='ltr'><strong>consuetudo</strong></span> <span class='ocrx_word' id='word_1_225' title='bbox 704 2729 1148 2835; x_wconf 73' lang='lat' dir='ltr'><strong>exercitatioque</strong></span> <span class='ocrx_word' id='word_1_226' title='bbox 1173 2727 1469 2809; x_wconf 81' lang='lat' dir='ltr'><strong>capienda,</strong></span> <span class='ocrx_word' id='word_1_227' title='bbox 1487 2734 1559 2788; x_wconf 89' lang='lat' dir='ltr'><strong>ut</strong></span> <span class='ocrx_word' id='word_1_228' title='bbox 1584 2727 1719 2791; x_wconf 89' lang='lat' dir='ltr'><strong>boni</strong></span> <span class='ocrx_word' id='word_1_229' title='bbox 1741 2727 2168 2789; x_wconf 83' lang='lat' dir='ltr'><strong>ratiocinatores</strong></span> 
     </span>
    </p>
   </div>
   <div class='ocr_carea' id='block_1_10' title="bbox 235 2816 2336 3684">
    <p class='ocr_par' dir='ltr' id='par_1_11' title="bbox 235 2816 2336 3683">
     <span class='ocr_line' id='line_1_28' title="bbox 237 2816 2169 2922; baseline 0.001 -44"><span class='ocrx_word' id='word_1_230' title='bbox 237 2819 553 2879; x_wconf 86' lang='lat' dir='ltr'><strong>officiorum</strong></span> <span class='ocrx_word' id='word_1_231' title='bbox 592 2837 718 2879; x_wconf 86' lang='lat' dir='ltr'><strong>esse</strong></span> <span class='ocrx_word' id='word_1_232' title='bbox 757 2820 1055 2900; x_wconf 81' lang='lat' dir='ltr'><strong>possimus,</strong></span> <span class='ocrx_word' id='word_1_233' title='bbox 1083 2826 1146 2879; x_wconf 92' lang='lat' dir='ltr'><strong>et</strong></span> <span class='ocrx_word' id='word_1_234' title='bbox 1169 2818 1436 2878; x_wconf 86' lang='lat' dir='ltr'><strong>addendo</strong></span> <span class='ocrx_word' id='word_1_235' title='bbox 1476 2816 1930 2922; x_wconf 77' lang='lat' dir='ltr'><strong>deducendoque</strong></span> <span class='ocrx_word' id='word_1_236' title='bbox 1955 2819 2169 2891; x_wconf 78' lang='lat' dir='ltr'><strong>videre,</strong></span> 
     </span>
     <span class='ocr_line' id='line_1_29' title="bbox 237 2908 2336 2989; baseline 0 -20"><span class='ocrx_word' id='word_1_237' title='bbox 237 2927 377 2987; x_wconf 81' lang='lat' dir='ltr'><strong>quas</strong></span> <span class='ocrx_word' id='word_1_238' title='bbox 417 2909 617 2987; x_wconf 85' lang='lat' dir='ltr'><strong>reliqui</strong></span> <span class='ocrx_word' id='word_1_239' title='bbox 651 2928 876 2969; x_wconf 85' lang='lat' dir='ltr'><strong>summa</strong></span> <span class='ocrx_word' id='word_1_240' title='bbox 901 2910 1037 2969; x_wconf 82' lang='lat' dir='ltr'><strong>fiat:</strong></span> <span class='ocrx_word' id='word_1_241' title='bbox 1077 2927 1151 2969; x_wconf 92' lang='lat' dir='ltr'><strong>ex</strong></span> <span class='ocrx_word' id='word_1_242' title='bbox 1175 2927 1310 2987; x_wconf 88' lang='lat' dir='ltr'><strong>quo,</strong></span> <span class='ocrx_word' id='word_1_243' title='bbox 1337 2914 1616 2987; x_wconf 85' lang='lat' dir='ltr'><strong>quantum</strong></span> <span class='ocrx_word' id='word_1_244' title='bbox 1640 2909 1843 2989; x_wconf 86' lang='lat' dir='ltr'><strong>cuique</strong></span> <span class='ocrx_word' id='word_1_245' title='bbox 1868 2908 2167 2981; x_wconf 79' lang='lat' dir='ltr'><strong>debeatur,</strong></span> <span class='ocrx_word' id='word_1_246' title='bbox 2247 2978 2256 2983; x_wconf 50' lang='grc'><strong><em>,</em></strong></span> <span class='ocrx_word' id='word_1_247' title='bbox 2331 2978 2336 2983; x_wconf 43' lang='grc'><strong>,</strong></span> 
     </span>
     <span class='ocr_line' id='line_1_30' title="bbox 238 2997 2240 3078; baseline 0 -20"><span class='ocrx_word' id='word_1_248' title='bbox 238 2998 547 3078; x_wconf 81' lang='lat' dir='ltr'><strong>intelligas.</strong></span> <span class='ocrx_word' id='word_1_249' title='bbox 626 2998 748 3059; x_wconf 82' lang='lat' dir='ltr'><strong>Sed</strong></span> <span class='ocrx_word' id='word_1_250' title='bbox 770 3005 842 3058; x_wconf 89' lang='lat' dir='ltr'><strong>ut</strong></span> <span class='ocrx_word' id='word_1_251' title='bbox 867 3017 973 3059; x_wconf 89' lang='lat' dir='ltr'><strong>nec</strong></span> <span class='ocrx_word' id='word_1_252' title='bbox 1008 2997 1214 3058; x_wconf 89' lang='lat' dir='ltr'><strong>medici</strong></span> <span class='ocrx_word' id='word_1_253' title='bbox 1236 3014 1343 3057; x_wconf 90' lang='lat' dir='ltr'><strong>nec</strong></span> <span class='ocrx_word' id='word_1_254' title='bbox 1367 2997 1737 3077; x_wconf 85' lang='lat' dir='ltr'><strong>imperatores</strong></span> <span class='ocrx_word' id='word_1_255' title='bbox 1761 3017 1868 3057; x_wconf 91' lang='lat' dir='ltr'><strong>nec</strong></span> <span class='ocrx_word' id='word_1_256' title='bbox 1893 3005 2167 3070; x_wconf 84' lang='lat' dir='ltr'><strong>oratores,</strong></span> <span class='ocrx_word' id='word_1_257' title='bbox 2193 3002 2240 3059; x_wconf 73' lang='lat'>4</span> 
     </span>
     <span class='ocr_line' id='line_1_31' title="bbox 238 3084 2170 3168; baseline 0.003 -21"><span class='ocrx_word' id='word_1_258' title='bbox 238 3088 501 3166; x_wconf 84' lang='lat' dir='ltr'><strong>quamvis</strong></span> <span class='ocrx_word' id='word_1_259' title='bbox 525 3086 664 3147; x_wconf 82' lang='lat' dir='ltr'><strong>artis</strong></span> <span class='ocrx_word' id='word_1_260' title='bbox 700 3093 996 3167; x_wconf 77' lang='lat' dir='ltr'><strong>praecepta</strong></span> <span class='ocrx_word' id='word_1_261' title='bbox 1034 3087 1407 3167; x_wconf 86' lang='lat' dir='ltr'><strong>perceperint,</strong></span> <span class='ocrx_word' id='word_1_262' title='bbox 1434 3084 1738 3168; x_wconf 86' lang='lat' dir='ltr'><strong>quicquam</strong></span> <span class='ocrx_word' id='word_1_263' title='bbox 1762 3092 1973 3167; x_wconf 83' lang='lat' dir='ltr'><strong>magna</strong></span> <span class='ocrx_word' id='word_1_264' title='bbox 1994 3087 2170 3153; x_wconf 78' lang='lat' dir='ltr'><strong>laude</strong></span> 
     </span>
     <span class='ocr_line' id='line_1_32' title="bbox 240 3175 2169 3263; baseline -0.001 -24"><span class='ocrx_word' id='word_1_265' title='bbox 240 3177 488 3256; x_wconf 81' lang='lat' dir='ltr'><strong>dignum</strong></span> <span class='ocrx_word' id='word_1_266' title='bbox 513 3175 635 3236; x_wconf 89' lang='lat' dir='ltr'><strong>sine</strong></span> <span class='ocrx_word' id='word_1_267' title='bbox 661 3196 773 3237; x_wconf 88' lang='lat' dir='ltr'><strong>usu</strong></span> <span class='ocrx_word' id='word_1_268' title='bbox 797 3183 860 3236; x_wconf 92' lang='lat' dir='ltr'><strong>et</strong></span> <span class='ocrx_word' id='word_1_269' title='bbox 883 3175 1280 3263; x_wconf 79' lang='lat' dir='ltr'><strong>exercitatione</strong></span> <span class='ocrx_word' id='word_1_270' title='bbox 1301 3175 1570 3255; x_wconf 84' lang='lat' dir='ltr'><strong>consequi</strong></span> <span class='ocrx_word' id='word_1_271' title='bbox 1585 3182 1866 3254; x_wconf 87' lang='lat' dir='ltr'><strong>possunt:</strong></span> <span class='ocrx_word' id='word_1_272' title='bbox 1895 3176 1975 3236; x_wconf 91' lang='lat' dir='ltr'><strong>sic</strong></span> <span class='ocrx_word' id='word_1_273' title='bbox 2000 3176 2169 3238; x_wconf 73' lang='lat' dir='ltr'><strong>officii</strong></span> 
     </span>
     <span class='ocr_line' id='line_1_33' title="bbox 238 3263 2166 3345; baseline -0.001 -19"><span class='ocrx_word' id='word_1_274' title='bbox 238 3264 611 3326; x_wconf 81' lang='lat' dir='ltr'><strong>conservandi</strong></span> <span class='ocrx_word' id='word_1_275' title='bbox 637 3272 930 3345; x_wconf 79' lang='lat' dir='ltr'><strong>praecepta</strong></span> <span class='ocrx_word' id='word_1_276' title='bbox 953 3266 1263 3328; x_wconf 81' lang='lat' dir='ltr'><strong>traduntur</strong></span> <span class='ocrx_word' id='word_1_277' title='bbox 1282 3265 1381 3325; x_wconf 88' lang='lat' dir='ltr'><strong>illa</strong></span> <span class='ocrx_word' id='word_1_278' title='bbox 1405 3264 1652 3343; x_wconf 84' lang='lat' dir='ltr'><strong>quidem,</strong></span> <span class='ocrx_word' id='word_1_279' title='bbox 1672 3270 1742 3323; x_wconf 90' lang='lat' dir='ltr'><strong>ut</strong></span> <span class='ocrx_word' id='word_1_280' title='bbox 1757 3263 2038 3325; x_wconf 84' lang='lat' dir='ltr'><strong>facimus</strong></span> <span class='ocrx_word' id='word_1_281' title='bbox 2022 3264 2166 3343; x_wconf 83' lang='lat' dir='ltr'><strong>ipsi;</strong></span> 
     </span>
     <span class='ocr_line' id='line_1_34' title="bbox 238 3348 2164 3458; baseline 0 -43"><span class='ocrx_word' id='word_1_282' title='bbox 238 3355 345 3415; x_wconf 83' lang='lat' dir='ltr'><strong>sed</strong></span> <span class='ocrx_word' id='word_1_283' title='bbox 370 3355 452 3414; x_wconf 91' lang='lat' dir='ltr'><strong>rei</strong></span> <span class='ocrx_word' id='word_1_284' title='bbox 475 3353 815 3458; x_wconf 82' lang='lat' dir='ltr'><strong>magnitudo</strong></span> <span class='ocrx_word' id='word_1_285' title='bbox 831 3374 1001 3416; x_wconf 80' lang='lat' dir='ltr'><strong>usum</strong></span> <span class='ocrx_word' id='word_1_286' title='bbox 1018 3372 1249 3434; x_wconf 84' lang='lat' dir='ltr'><strong>quoque</strong></span> <span class='ocrx_word' id='word_1_287' title='bbox 1274 3348 1840 3457; x_wconf 78' lang='lat' dir='ltr'><strong>exercitationemque</strong></span> <span class='ocrx_word' id='word_1_288' title='bbox 1860 3348 2164 3415; x_wconf 81' lang='lat' dir='ltr'><strong>desiderat.</strong></span> 
     </span>
     <span class='ocr_line' id='line_1_35' title="bbox 237 3440 2233 3523; baseline 0.003 -21"><span class='ocrx_word' id='word_1_289' title='bbox 237 3444 440 3522; x_wconf 86' lang='lat' dir='ltr'><strong>Atque</strong></span> <span class='ocrx_word' id='word_1_290' title='bbox 485 3444 561 3503; x_wconf 91' lang='lat' dir='ltr'><strong>ab</strong></span> <span class='ocrx_word' id='word_1_291' title='bbox 607 3444 674 3503; x_wconf 89' lang='lat' dir='ltr'><strong>iis</strong></span> <span class='ocrx_word' id='word_1_292' title='bbox 718 3445 911 3514; x_wconf 85' lang='lat' dir='ltr'><strong>rebus,</strong></span> <span class='ocrx_word' id='word_1_293' title='bbox 938 3462 1067 3523; x_wconf 73' lang='lat' dir='ltr'><strong>quis</strong></span> <span class='ocrx_word' id='word_1_294' title='bbox 1107 3451 1243 3503; x_wconf 76' lang='lat' dir='ltr'><strong>sunt</strong></span> <span class='ocrx_word' id='word_1_295' title='bbox 1285 3444 1346 3503; x_wconf 90' lang='lat' dir='ltr'><strong>in</strong></span> <span class='ocrx_word' id='word_1_296' title='bbox 1379 3441 1512 3522; x_wconf 81' lang='lat' dir='ltr'><strong>jure</strong></span> <span class='ocrx_word' id='word_1_297' title='bbox 1551 3440 1837 3516; x_wconf 79' lang='lat' dir='ltr'><strong>societatis</strong></span> <span class='ocrx_word' id='word_1_298' title='bbox 1873 3442 2164 3514; x_wconf 69' lang='lat' dir='ltr'><strong>humanm,</strong></span> <span class='ocrx_word' id='word_1_299' title='bbox 2192 3452 2233 3507; x_wconf 73' lang='lat'><strong><em>5</em></strong></span> 
     </span>
     <span class='ocr_line' id='line_1_36' title="bbox 237 3531 2166 3614; baseline 0.003 -24"><span class='ocrx_word' id='word_1_300' title='bbox 237 3531 723 3611; x_wconf 85' lang='lat' dir='ltr'><strong>quemadmodum</strong></span> <span class='ocrx_word' id='word_1_301' title='bbox 741 3533 986 3593; x_wconf 86' lang='lat' dir='ltr'><strong>ducatur</strong></span> <span class='ocrx_word' id='word_1_302' title='bbox 1009 3533 1331 3604; x_wconf 85' lang='lat' dir='ltr'><strong>honestum,</strong></span> <span class='ocrx_word' id='word_1_303' title='bbox 1351 3551 1423 3593; x_wconf 91' lang='lat' dir='ltr'><strong>ex</strong></span> <span class='ocrx_word' id='word_1_304' title='bbox 1440 3550 1557 3614; x_wconf 84' lang='grc'><strong>880</strong></span> <span class='ocrx_word' id='word_1_305' title='bbox 1574 3537 1777 3613; x_wconf 89' lang='lat' dir='ltr'><strong>aptum</strong></span> <span class='ocrx_word' id='word_1_306' title='bbox 1794 3538 1885 3594; x_wconf 81' lang='lat' dir='ltr'><strong>est</strong></span> <span class='ocrx_word' id='word_1_307' title='bbox 1901 3531 2166 3606; x_wconf 80' lang='lat' dir='ltr'><strong>officium,</strong></span> 
     </span>
     <span class='ocr_line' id='line_1_37' title="bbox 235 3621 809 3684; baseline -0.002 -1"><span class='ocrx_word' id='word_1_308' title='bbox 235 3621 378 3683; x_wconf 77' lang='grc'><strong>8868</strong></span> <span class='ocrx_word' id='word_1_309' title='bbox 399 3621 525 3682; x_wconf 83' lang='lat' dir='ltr'><strong>fere</strong></span> <span class='ocrx_word' id='word_1_310' title='bbox 547 3621 809 3684; x_wconf 83' lang='lat' dir='ltr'><strong>diximus.</strong></span> 
     </span>
    </p>
   </div>
  </div>
 </body>
</html>
