2592 4142
1031 229 1204 270 nunu
1227 230 1271 271 ι.
1352 229 1487 272 cnr.
1516 231 1672 273 xuv.
2245 202 2325 276 53

302 398 309 413 ·
362 368 581 429 XLIV.
623 368 838 447 Atque,
859 367 956 438 illi,
985 388 1230 447 quorum
1269 369 1459 429 studia
1484 371 1713 449 vitaque
1741 369 1922 429 omnis
1948 369 2007 429 in
2031 388 2223 430 rerum

280 459 608 539 cognitione
635 465 862 518 versata
887 465 993 528 est,
1021 467 1216 539 tamen
1241 460 1317 519 ab
1345 459 1621 539 augendis
1648 461 1941 520 hominum
1967 460 2220 519 utilitati-

278 550 477 631 buset
503 549 814 609 commodis
839 565 955 609 non
978 556 1349 611 recesserunt.
1418 550 1571 609 Nam
1598 557 1658 609 et
1683 551 2048 610 erudiverunt
2073 550 2219 610 mulc-
2249 556 2285 611 2

279 646 395 707 toa,
418 658 536 717 quo
561 640 821 701 meliores
841 639 992 699 cives
1017 638 1387 717 utilioresque·
1397 640 1706 701 rebussuis
1734 640 1974 720 publicis
1994 646 2216 700 essent:

279 735 354 786 ut
380 729 717 788 Thebanum
743 728 1199 806 Epaminondam
1225 729 1392 807 Lysis
1410 730 1830 809 Pythagoreus,
1853 729 2222 809 Syracusium

280 819 530 878 Dionem
573 818 743 876 Plato
780 818 1066 895 ,multique
1110 818 1322 881 multos
1341 814 1382 876 :‘
1410 837 1627 897 nosque
1666 820 1791 898 ipsi,
1832 820 2102 899 quicquid
2142 820 2219 881 ad

198 918 207 923 “
278 927 409 975 rem
436 903 728 987 publicam
753 908 1064 976 attulimus,
1094 907 1144 966 si
1169 907 1343 967 modo
1370 908 1582 986 aliquid
1619 904 1929 979 attulimus,
1958 928 1995 968 a
2021 910 2218 989 docto-

279 999 443 1059 ribus
476 1006 650 1077 atque
675 998 935 1058 doctrina
972 997 1234 1057 instructi
1258 997 1337 1057 ad
1372 1014 1500 1057 eam
1538 1005 1600 1056 et
1636 994 1821 1075 ornati
1858 1000 2217 1060 accessimus.

279 1089 493 1168 Neque
535 1090 722 1148 solum
759 1088 872 1148 vivi
909 1095 1084 1168 atque
1128 1095 1441 1168 praesent'es
1480 1087 1764 1161 studiosos
1805 1088 2060 1148 discendi
2088 1109 2216 1149 eru-
2245 1097 2283 1150 3

278 1179 450 1238 diunt
475 1186 647 1257 atque
671 1178 896 1247 docent,
924 1179 1027 1238 sed
1064 1180 1178 1239 hoc
1207 1179 1362 1238 idem
1387 1178 1563 1241 etiam
1588 1182 1723 1258 pest
1748 1185 1991 1238 mortem
2015 1199 2217 1239 monu-

275 1269 488 1329 mentis
515 1269 831 1328 litterarum
855 1277 1265 1349 assequuntur:
1306 1289 1420 1328 nec·
1433 1269 1583 1329 enim
1607 1270 1768 1329 locus
1787 1269 1945 1329 ullus
1981 1277 2216 1349 praeter-
2243 1274 2283 1330 4

275 1358 489 1419 missus
532 1365 622 1417 est
660 1359 735 1417 ab
774 1358 858 1427 iis,
888 1359 989 1437 qui
1024 1360 1101 1418 ad
1139 1361 1320 1440 IsgeS,
1349 1359 1450 1439 qui
1474 1358 1549 1418 ad
1583 1362 1791 1429 morea,
1822 1359 1923 1438 qui
1947 1360 2023 1419 ad
2051 1360 2215 1420 disci-

210 1512 221 1516 ,
276 1442 498 1529 plinam
538 1449 618 1508 rei
645 1447 905 1526 publicae
944 1449 1284 1527 pertineret:
1327 1457 1397 1508 ut
1435 1450 1616 1517 otium
1643 1469 1811 1509 suum
1837 1450 1914 1509 ad
1945 1454 2215 1510 nostrum

275 1539 576 1619 negotium
612 1538 919 1599 contulisse
944 1539 1267 1599 videantur.
1343 1541 1437 1599 Ita
1465 1539 1585 1599 illi·
1568 1540 1677 1620 ipsi
1704 1541 1977 1600 doctrinae
2011 1540 2214 1601 studiis
2240 1544 2280 1603 5

274 1636 343 1689 et
368 1629 663 1719 sapientiae·
683 1628 879 1700 dediti,
906 1628 984 1687 ad
1000 1616 1306 1689 hominum
1346 1630 1651 1689 utilitatem
1692 1649 1856 1691 suam
1895 1631 2212 1711 intelligen-

274 1719 422 1778 tiam
442 1718 916 1798 prudentiamque
936 1719 1292 1798 potissimum
1310 1721 1622 1780 conferunt.
1673 1720 1768 1779 Ob
1772 1738 2023 1799 eamque
2041 1723 2213 1785 etiam
2240 1729 2279 1783 6

274 1828 514 1870 eausam
555 1809 743 1887 eloqui
782 1810 1026 1889 copiose,
1067 1810 1243 1869 modo
1283 1810 1613 1888 prudenter,
1654 1811 1857 1869 melius
1896 1817 2000 1879 est,
2042 1829 2216 1888 quam

272 1900 373 1960 vel
399 1898 721 1958 acutissime
744 1899 867 1958 sine
892 1900 1217 1977 eloquentia
1253 1900 1508 1978 cogitare
1530 1918 1545 1967 ;
1588 1898 1744 1976 quod
1773 1899 2043 1978 cogitatio
2067 1900 2127 1958 in
2152 1919 2215 1959 se

271 1990 406 2070 ipsa
444 1989 698 2058 vertitur,
730 1989 1059 2067 ⁴eloquentia
1099 1988 1500 2068 complectitur
1538 2007 1653 2057 eos,
1682 1988 2023 2067 quibuscum
2062 2009 2213 2049 com-

271 2079 555 2140 munitate
590 2079 777 2159 juncti
816 2098 1032 2139 sumna.
1113 2080 1317 2157 Atque
1355 2083 1424 2137 ut
1458 2075 1655 2157 apium
1682 2077 1942 2137 examina
1967 2096 2083 2137 non
2107 2080 2210 2138 fin-
2242 2079 2277 2140 '1

270 2168 598 2250 gendorum
624 2170 884 2227 favorum
910 2188 1083 2228 causa
1109 2174 1558 2249 congregantur;
1581 2168 1701 2238 se'd,
1733 2186 1865 2227 cum
1901 2187 2212 2253 congrega-

272 2258 412 2320 bilia
437 2254 641 2318 natura
666 2259 795 2328 sint,
824 2259 1050 2338 fingunt
1076 2259 1270 2318 favos:
1316 2259 1397 2321 sic
1425 2258 1699 2330 homines,
1729 2279 1796 2318 ac
1828 2260 2012 2319 multo
2036 2261 2211 2320 etiam
2299 2277 2304 2281 ·

270 2349 479 2429 magis,
507 2356 714 2408 natura
753 2348 1105 2429 congregati,
1130 2342 1411 2408 'adhibent
1437 2349 1648 2429 agendi
1673 2349 2073 2430 cogitandique
2100 2352 2211 2410 sol-

271 2440 518 2519 lertiam.
602 2440 807 2518 Itaque
849 2439 955 2497 nisi
994 2457 1063 2497 ea
1097 2440 1295 2510 virtus,
1334 2457 1467 2517 quae
1509 2445 1734 2499 constat
1774 2460 1849 2498 ex
1867 2440 2210 2500 ‘hominibus
2239 2448 2277 2500 8

272 2529 522 2599 tuendiS,
550 2529 611 2590 id
654 2536 744 2589 est
786 2548 858 2589 ex
897 2528 1168 2589 societate
1207 2529 1430 2609 generis
1465 2528 1716 2597 humani,
1746 2528 1993 2608 attingat
2020 2530 2209 2608 cogni-

272 2612 492 2680 tionem
516 2636 724 2689 rerum,
754 2620 1009 2699 solivaga
1036 2619 1282 2698 cognitio
1310 2625 1370 2677 et
1401 2619 1600 2697 jejuna
1624 2618 1920 2688 videatur;
1961 2618 2210 2696 itemque
2238 2624 2275 2680 9

271 2710 613 2790 magnitudo
650 2709 837 2779 animi,
864 2716 1086 2768 remota
1126 2709 1540 2768 communitate
1568 2709 2072 2788 conjunctioneque
2098 2711 2207 2769 hu-

270 2819 463 2870 mana
501 2800 695 2860 feritas
736 2800 811 2859 sit
849 2799 1115 2878 quaedam
1154 2804 1213 2859 et
1258 2798 1591 2860 immanitas,
1675 2799 1768 2858 Ita
1806 2800 1888 2869 fit,
1927 2808 1994 2859 ut
2020 2800 2210 2860 vincat
2239 2806 2311 2862 10

271 2890 611 2970 cognitionis
638 2890 893 2949 studium
920 2890 1261 2950 consociatio
1296 2889 1590 2949 hominum
1615 2897 1789 2970 atque
1815 2892 2206 2952 communitas,

269 2980 335 3041 N
335 2999 404 3039 ec
430 2999 633 3040 verum
660 2987 766 3048 est,
797 2979 955 3058 quod
984 2970 1190 3049 dicitur
1228 2999 1262 3038 a
1290 2980 1651 3059 quibusdam,
1690 2989 1928 3061 propter
1965 2981 2207 3041 necessi-

269 3077 456 3139 tatem
482 3070 632 3140 vitae,
659 3069 818 3149 quod
858 3089 944 3139 ea,
974 3089 1107 3148 quae
1145 3077 1352 3129 natura
1392 3070 1759 3139 desideraret,
1789 3071 2058 3148 consequi
2089 3072 2208 3129 sine

269 3141 399 3219 aliis
444 3167 617 3238 atque
659 3160 882 3221 efficere
921 3179 1034 3221 non
1073 3179 1390 3238 possemus,
1419 3160 1631 3219 idcirco
1669 3160 1868 3218 initam
1908 3178 2033 3217 esse
2074 3178 2208 3218 cum

266 3250 598 3309 hominibus
626 3249 1101 3311 communitatem,
1119 3256 1178 3307 et
1205 3248 1566 3316 societatem3
1607 3247 1780 3325 quod,
1811 3247 1859 3306 si
1894 3248 2082 3306 omnia
2105 3267 2207 3306 no-

268 3340 379 3408 bis,
409 3359 542 3418 quae
578 3339 655 3398 ad
681 3339 899 3398 victum
940 3339 1272 3416 cultumque
1314 3337 1613 3418 pertinent,
1654 3337 1817 3415 quasi
1858 3336 2082 3417 virgula
2124 3337 2207 3396 di-

267 3431 421 3499 vina,
450 3437 519 3489 ut
543 3430 718 3498 aiunt,
747 3428 1271 3507 suppeditarentur,
1299 3435 1429 3488 tum
1455 3427 1673 3506 optimo
1699 3427 1936 3505 quisque
1962 3427 2205 3507 ingenio,

267 3519 516 3600 negotiis
554 3518 818 3579 omnibus
857 3518 1099 3587 omissis,
1127 3525 1315 3577 totum
1342 3536 1406 3577 se
1432 3518 1491 3576 in
1518 3517 1839 3597 cognitione
1874 3524 1934 3577 et
1973 3517 2207 3578 scientia

268 3610 596 3672 collocaret.
662 3609 794 3670 Non
823 3614 914 3671 est
937 3608 1035 3671 ita.
1102 3607 1256 3670 Nam
1282 3614 1343 3669 et
1368 3607 1729 3670 solitudinem
1755 3609 1997 3691 fugeret,
2027 3616 2088 3670 et
2112 3628 2204 3668 so-
2234 3613 2308 3669 11
