2592 4142
1286 265 1365 321 86

900 776 1217 852 LIBER
1268 719 1777 880 TERTIUS„

477 1120 547 1181 -1.
587 1120 863 1180 Punmm
889 1118 1242 1190 soffrenum,
1271 1121 1466 1179 Marce
1504 1119 1600 1187 fili,
1629 1137 1779 1187 eum,
1807 1117 1905 1195 qui
1943 1117 2163 1197 primus
2189 1117 2351 1180 Affi-

417 1230 594 1270 canus
613 1210 936 1288 appellatus
948 1216 1054 1279 est,
1070 1210 1257 1270 dicere
1282 1210 1512 1267 'solitum
1532 1208 1757 1286 scripsit
1779 1208 1945 1277 Oat0,
1967 1208 2065 1285 qui
2090 1207 2203 1270 fuit
2226 1209 2351 1281 fere

417 1301 543 1379 ejus
571 1299 819 1377 aequalis,
833 1300 1157 1374 Nunquam
1180 1318 1234 1358 se
1248 1300 1437 1357 minus
1454 1299 1691 1356 otiosum
1705 1313 1825 1365 esse,
1845 1316 2018 1372 quam
2042 1312 2176 1360 cum
2208 1296 2350 1356 otio·

353 1394 389 1448 2
418 1390 840 1458 susmccmimcs
848 1390 1050 1457 solum,
1070 1405 1244 1464 quam
1258 1388 1550 1446 cumsolus
1560 1396 1707 1446 esset.
1754 1386 2222 1465 ,Magnificaxero
2236 1397 2351 1446 vox

416 1484 477 1536 et
495 1495 705 1554 magno
721 1477 844 1534 viro
863 1495 929 1535 ae
947 1478 1199 1555 sapiente
1221 1478 1425 1557 digna:
1455 1495 1586 1555 quae
1605 1476 1873 1544 declarat,
1892 1475 2055 1540 illum
2073 1481 2134 1534 et
2150 1476 2213 1534 in
2228 1476 2351 1534 otio

416 1565 490 1625 de
515 1565 755 1643 negotiis
782 1565 1033 1644 cogitare
1060 1573 1126 1625 et
1144 1566 1202 1624 in
1228 1566 1529 1625 solitudine
1557 1583 1751 1623 secum
1789 1563 1944 1641 loqui
1970 1565 2202 1623 solitum
2223 1585 2239 1634 ;
2278 1572 2350 1624 ut

415 1673 600 1732 neque
628 1661 877 1711 cessaret
901 1645 1171 1732 unquam,
1200 1663 1260 1715 et
1306 1655 1593 1714 interdum
1610 1711 1618 1718 ,
1634 1654 1914 1731 colloquio
1954 1652 2188 1712 alterius
2227 1672 2350 1713 non

419 1749 629 1822 egeret.
712 1744 916 1821 Itaque
944 1743 1077 1801 duae
1102 1763 1211 1814 res,
1240 1763 1371 1822 quae
1396 1744 1731 1826 languorem
1756 1742 2002 1800 affemnt
2028 1742 2252 1812 ceteris,
2280 1743 2352 1801 il·

352 1839 388 1892 3
415 1833 537 1892 lum
563 1823 860 1900 acuebant,
884 1832 1064 1892 otium
1090 1840 1150 1891 et
1176 1833 1438 1893 solitudo.
1508 1832 1734 1892 Vellem
1759 1831 1923 1890 nobis
1948 1831 2060 1890 hoe
2085 1831 2243 1890 idem
2260 1832 2351 1890 di·-

418 1940 546 1981 cere
573 1917 799 1981 liceret:
844 1922 948 1981 sed
973 1922 1233 1991 siminus
1258 1922 1567 1981 imitatione
1593 1927 1814 1980 tantam
1837 1920 2044 2000 ingenii
2069 1927 2349 1998 praestan-

347 2057 352 2062 .
417 2012 558 2070 tiam
586 2012 852 2090 consequi
880 2031 1198 2090 possumus,
1217 2013 1508 2071 voluntate
1537 2017 1689 2070 certe
1718 2010 1971 2090 proxime
1999 2009 2346 2070 accedimus.

351 2104 391 2159 4
418 2101 572 2159 Nam
611 2108 671 2159 et
710 2121 745 2158 a
784 2117 847 2159 re
886 2102 1115 2179 publica
1140 2101 1566 2179 forensibusque
1591 2099 1833 2178 negotiis
1858 2099 2025 2157 armis
2050 2098 2241 2177 impiis
2264 2100 2350 2158 -vi-

417 2208 529 2267 que
570 2189 852 2267 prohibiti,
871 2190 1061 2247 -otium
1102 2190 1524 2268 persequimur:
1567 2197 1627 2247 et
1655 2183 1730 2247 ob
1757 2207 1884 2247 eam
1923 2206 2173 2257 causam,
2203 2189 2350 2248 urbe

353 2287 389 2338 5
417 2278 632 2345 relicta,
673 2295 806 2335 rura
852 2286 1236 2356 peragrantes,
1286 2297 1442 2357 saepe
1482 2279 1591 2337 soli
1634 2297 1848 2337 sumus·
1928 2276 2049 2336 Sed
2087 2295 2195 2336 nec
2236 2278 2350 2338 hoc

416 2363 594 2425 otium
622 2385 752 2425 cum
778 2366 1035 2425 Africani
1060 2368 1192 2435 otiu,
1220 2385 1328 2425 nee
1366 2368 1492 2426 haec
1532 2367 1780 2433 solitudo
1820 2383 1951 2425 cum
1988 2363 2353 2445 illacompa·

351 2462 387 2515 6
416 2455 595 2514 randa
621 2461 726 2515 est.
808 2456 914 2514 Ille
941 2457 1090 2515 enim
1116 2448 1536 2534 requiescens-a
1561 2457 1642 2515 rei
1669 2456 1913 2535 publicae
1952 2456 2350 2534 pulcherrimis

417 2540 745 2605 muneribus
785 2546 964 2604 otium
1004 2546 1110 2605 sibi
1149 2547 1412 2606 sumebat
1439 2539 1760 2624 aliquando,
1789 2552 1849 2603 et
1885 2563 1928 2603 a
1967 2551 2125 2603 coetu
2163 2546 2349 2606 homi-

415 2655 552 2693 num
581 2636 1017 2713 frequentiaque
1043 2636 1350 2705 interdum,
1375 2643 1671 2713 tamquam
1708 2635 1767 2693 in
1806 2640 2051 2712 portum,
2078 2653 2143 2692 se
2168 2635 2229 2693 in
2252 2653 2348 2693 so-

353 2724 388 2783 '7
416 2724 709 2782 litudinem
734 2723 1060 2802 recipiebat.
1087 2747 1096 2752 ·
1143 2725 1422 2783 Nostrum
1448 2732 1642 2783 autem
1681 2725 1860 2782 otium
1899 2724 2112 2802 negotii
2136 2724 2346 2801 inopia,
2414 2769 2417 2774 .

416 2827 532 2870 non
557 2812 944 2888 requiescendi
969 2813 1188 2886 studio„
1204 2814 1574 2872 constitutum
1601 2819 1706 2872 est.
1787 2811 2055 2871 Extincto
2081 2813 2231 2872 enim
2255 2831 2348 2870 se·
2402 2851 2413 2860 -

420 2906 562 2957 natu
599 2899 914 2977 deletisque
949 2901 1192 2979 judiciiS,
1223 2902 1362 2978 quid
1391 2910 1495 2971 est,
1524 2902 1678 2980 quod
1707 2887 1948 2979 dignum
1972 2902 2135 2966 nobis
2159 2907 2265 2959 aut
2287 2901 2350 2960 in

353 2994 394 3048 8
419 2988 572 3048 curia
597 2995 699 3050 aut
724 2988 781 3046 in
807 2988 932 3046 foro
957 3008 1128 3067 agere
1156 2990 1440 3067 possimus
1457 2992 1487 3049 *ἲ
1569 2992 1676 3060 Ita,
1705 2990 1803 3069 qui
1827 2989 1885 3056 in
1912 2990 2160 3048 maxima
2194 2990 2348 3052 eele-

420 3079 630 3139 britate
657 3085 828 3155 atque
867 3077 927 3136 in
964 3078 1146 3137 oculis
1179 3078 1387 3160 civium
1414 3079 1702 3158 quondam
1728 3080 2050 3147 vixerimus,
2076 3097 2227 3137 nunc
2254 3079 2347 3137 fu-

416 3168 636 3247 gientes
682 3176 1051 3246 conspectum
1094 3168 1512 3238 sceleratorum,
1542 3170 1749 3246 quibus
1776 3168 1965 3226 omnia
2000 3167 2346 3237 redundant,

275 3325 286 3332 ,
353 3261 389 3315 9
417 3258 679 3317 abdimus
705 3276 826 3326 Ῑιοε,
858 3265 1133 3335 quantum
1157 3257 1321 3326 -licet,
1358 3266 1417 3317 et
1456 3275 1612 3336 saepe
1640 3258 1747 3316 soli
1770 3275 1984 3315 sumus.
2066 3256 2184 3315 Sed
2211 3258 2353 3334 quia

417 3347 498 3404 sic
524 3347 599 3406 ab
625 3348 947 3407 hominibus
975 3347 1159 3408 doctis
1188 3337 1531 3425 accepimuS,
1561 3365 1675 3406 non
1701 3348 1886 3410 solum
1928 3364 2000 3405 ex
2038 3346 2206 3403 malis
2246 3347 2349 3405 eli-

415 3454 551 3514 gere
578 3437 809 3494 minima
834 3444 1125 3514 oportere;
1168 3436 1271 3494 sed
1312 3437 1483 3514 etiam
1512 3455 1827 3514 excerpere
1867 3454 1941 3493 ex
1982 3435 2072 3492 his
2110 3434 2270 3512 ipsis,
2301 3435 2352 3495 si

417 3519 576 3601 quid*
596 3525 809 3583 inesset
848 3525 1011 3584 honi:
1056 3532 1361 3603 propterea
1387 3533 1447 3584 et
1474 3526 1590 3584 otio·
1614 3527 1788 3593 fruor,
1817 3544 1932 3582 non
1970 3524 2066 3583 illo
2093 3525 2350 3601 quidem,

416 3631 532 3690 quo
558 3613 807 3672 debebat
829 3613 896 3694 is,
925 3612 1024 3690 qui
1049 3614 1339 3690 quondam
1379 3616 1695 3695 peperisset
1733 3615 1915 3680 otium
1953 3612 2199 3682 civitati3
2239 3607 2352 3675 nec
