2592 4142
910 260 1086 301 unna
1110 260 1152 303 1.
1251 259 1389 303 car.
1417 262 1576 307 xxlx.
2187 243 2258 306 3‘2

207 386 342 448 loco
368 388 540 468 plura
566 388 677 449 dici
703 389 906 449 solent.
987 389 1107 449 Sed
1145 396 1272 449 tum
1308 409 1534 451 servare
1570 391 1715 451 illud
1754 397 1972 470 poetas,
2000 390 2156 470 quod
2185 396 2220 451 2
2249 383 2270 391 “

211 477 436 548 deceat,
460 479 721 549 dicimuS‚
743 498 877 537 cum
901 478 980 548 id,
1003 479 1158 557 quod
1178 474 1406 558 quaque
1432 480 1676 559 persona
1701 481 1938 560 dignum
1968 490 2074 557 est,
2096 489 2157 541 et

210 569 293 636 fit,
316 575 381 627 et
399 569 626 628 dicitur.
698 570 799 637 Ut,
820 570 873 628 si
898 570 1121 628 AEacus
1148 578 1250 629 aut
1274 571 1466 629 Minos
1493 571 1709 633 diceret
1741 572 1987 640 Oderint,
2016 573 2166 630 dum
2279 588 2286 597 ·

211 658 482 727 metuant,
510 665 614 718 aut
637 650 819 717 Natis
843 660 1230 735 sepulcr-aime
1255 668 1335 718 eet
1350 679 1560 737 parens
1574 679 1603 734 ,·
1641 660 1973 720 indecorum
1995 661 2153 723 vide-

209 755 387 817 retur,
415 748 573 828 quod
600 767 702 807 eos
725 749 901 808 fuisse
935 742 1125 828 justos
1165 752 1506 833 accepimus.
1587 752 1674 810 At
1700 751 1884 811 Atreo
1910 752 2153 821 dicente,

211 838 454 917 plausus
493 838 828 897 excitantur.
905 838 1016 898 Est
1056 839 1206 899 enim
1251 839 1426 919 digna
1466 843 1710 919 persona
1751 842 1946 902 oratio.
2028 841 2147 901 Sed
2175 848 2212 901 3

210 935 425 1006 poetae,
454 927 594 1005 quid
630 944 911 1006 quemque
936 928 1157 999 deceat,
1184 947 1257 1014 εξ
1296 947 1539 1007 persona
1574 930 1949 1009 judicabunt:
1990 933 2153 991 nobis

210 1024 409 1075 autem
435 1036 744 1096 personam
766 1017 1038 1096 imposuit
1055 1017 1181 1096 ipsa
1199 1025 1405 1076 natura
1431 1036 1643 1097 magna
1662 1038 1796 1079 cum
1820 1021 2154 1079 excellentia

212 1103 665 1184 praestantiaque
693 1107 1065 1187 animantium
1089 1107 1455 1185 reliquarum.
1537 1109 1817 1177 Quocirca
1855 1118 2066 1187 poetae,
2094 1108 2156 1188 in
2179 1114 2217 1168 4

210 1213 429 1275 magna
454 1195 730 1259 vaiietazte
771 1190 1163 1274 personarum,
1205 1197 1380 1255 etiam
1406 1197 1620 1256 vitiosis
1659 1197 1798 1277 quid
1840 1199 2152 1269 conveniat,

212 1291 287 1344 et·
300 1284 442 1364 quid
479 1285 698 1353 deceat,
729 1286 1006 1345 videbunt
1028 1287 1248 1345 :hobis
1289 1293 1485 1345 autem
1528 1307 1661 1346 eum
1701 1304 1737 1345 a
1776 1294 1981 1345 natura
2022 1306 2172 1350 eon-⁸

212 1375 458 1444 stantun,
498 1376 914 1448 moderationis,
962 1377 1370 1455 temperantiae,
1411 1377 1766 1438 verecundiae
1812 1384 2008 1457 partes
2051 1377 2151 1436 da-

212 1471 295 1523 tae
322 1465 435 1524 sint
458 1485 472 1534 ;
513 1485 765 1544 cumque,
784 1465 989 1525 eadem
1016 1473 1219 1524 natura
1244 1465 1449 1525 doceat
1473 1471 1588 1525 non
1612 1466 1923 1547 negligere,
1951 1482 2150 1545 quem'-
2248 1485 2251 1487 *

211 1554 529 1623 admon
574 1574 678 1619 nos
724 1554 998 1633 adversus
1038 1556 1296 1614 homines
1333 1573 1639 1634 geramus:
1679 1557 1937 1626 efficitur,
1984 1564 2053 1616 ut
2090 1564 2153 1616 et
2228 1582 2234 1588 ·

210 1643 377 1712 illud,
404 1644 573 1721 quod.
593 1643 668 1703 ad
696 1662 922 1704 omnem
960 1644 1321 1727 honestatem
1360 1645 1621 1723 pertinet,
1652 1640 1943 1715 decorum,
1972 1665 2150 1724 quam

209 1733 329 1793 late
356 1734 552 1793 fusum
578 1734 669 1801 sit,
697 1740 1011 1812 appareat;
1053 1741 1115 1792 et
1138 1734 1266 1803 hoc,
1296 1734 1456 1812 quod
1495 1741 1788 1813 spectamr
1811 1736 1870 1794 in
1895 1753 2149 1813 unoquo-

210 1842 325 1902 que
353 1841 565 1902 genere
579 1823 817 1883 virtutis.
838 1842 853 1857 ⁸
880 1823 965 1882 Ut
981 1823 1130 1882 enim
1156 1823 1527 1902 pulchritudo
1554 1824 1805 1902 corporis
1831 1829 1969 1902 apta
1996 1843 2150 1883 com·
2177 1832 2215 1884 5

211 1913 492 1991 positione
536 1915 924 1973 membrorum
969 1919 1165 1972 movet
1202 1913 1418 1980 oculos,
1458 1918 1519 1970 et
1559 1911 1809 1971 delectat
1852 1914 1964 1972 hoc
2003 1913 2149 1993 ipso,

210 2002 371 2081 quod
396 2002 546 2061 inter
570 2021 633 2061 se
660 2021 855 2061 omnes
880 2010 1076 2081 partes
1103 2022 1235 2077 cum
1261 2001 1516 2079 quodam
1540 2001 1737 2079 lepore
1751 2000 2148 2061 consentiunt:

211 2092 303 2150 sic
319 2092 432 2151 hoc
461 2092 747 2160 decorum,
777 2091 949 2170 quod·
975 2091 1167 2151 elucet
1202 2091 1261 2150 in
1285 2090 1421 2158 vita,
1449 2099 1643 2158 movet
1678 2091 2150 2170 approbationem

210 2199 432 2250 eorum,
459 2182 799 2259 quibuscum
824 2170 1050 2250 vivitur,
1092 2170 1288 2239 ordine
1329 2187 1391 2239 et
1409 2182 1747 2243 constantia
1788 2187 1849 2253 et
1887 2181 2147 2240 modera-

209 2270 369 2330 tione
380 2271 665 2330 dictorum
681 2271 935 2330 omnium
952 2277 1126 2351 atque
1138 2270 1444 2330 factorum.
1504 2264 1855 2331 Adhibenda
1870 2278 1963 2330 est
1974 2271 2149 2352 igitur

210 2361 482 2440 quaedam
527 2359 839 2420 reverentia
877 2359 1154 2419 adversus
1191 2359 1467 2429 homineS,
1509 2366 1569 2420 et
1608 2360 1809 2440 optimi
1848 2277 2498 2483 cujusqueffissffssffi'zq

210 2457 272 2510 et
310 2451 673 2529 reliquorum.
754 2450 908 2508 Nam
949 2449 1260 2528 negligere,
1291 2448 1431 2528 quid
1470 2446 1543 2509 de
1571 2469 1633 2509 se
1659 2451 1896 2529 quisque
1922 2452 2147 2520 sentiat,
2393 2431 2413 2452 ⁹

209 2558 327 2598 non
350 2541 542 2599 solum
565 2539 883 2619 arrogantis
921 2545 1028 2607 est,
1058 2539 1162 2601 sed
1202 2539 1375 2597 etiam
1417 2540 1643 2598 omnino
1687 2536 1959 2598 dissoluti.
2040 2540 2148 2597 Est
2176 2538 2211 2599 ’1

211 2636 410 2688 autem
455 2629 612 2707 quod
657 2629 898 2697 differat,
945 2629 1006 2688 in
1058 2627 1354 2708 hominum
1406 2628 1623 2690 ratione
1675 2626 1956 2696 habenda,
2002 2627 2151 2686 inter

206 2717 489 2796 justitiam
524 2725 585 2777 et
608 2717 1024 2777 verecundiam.
1106 2717 1146 2778 J
1146 2716 1356 2776 ustitiae
1395 2724 1588 2795 partes
1629 2722 1763 2777 sunt
1800 2735 1914 2776 non
1939 2717 2147 2781 violare
2175 2724 2213 2779 8

208 2806 486 2877 homines,
513 2807 872 2870 verecundiae
898 2826 1014 2866 non
1039 2806 1345 2876 offendere,
1373 2806 1433 2865 in
1457 2825 1574 2884 quo
1598 2806 1839 2865 maxime
1877 2807 2145 2886 perspici-

209 2902 309 2956 tur
331 2898 419 2956 vis
446 2896 650 2956 decori.
732 2897 840 2956 His
863 2896 1039 2976 igitur
1063 2896 1332 2976 expositis
1358 2896 1526 2976 quale
1552 2896 1629 2956 sit
1651 2896 1729 2966 id,
1758 2897 1913 2976 quod
1935 2897 2146 2957 decere
2225 2954 2230 2957 Α

209 2984 470 3056 dicimus,
496 2986 847 3046 intellectum
873 2993 1034 3065 puto.

290 3163 561 3224 Officium
601 3170 815 3235 autem,
854 3164 1010 3243 quod
1049 3164 1124 3224 ab
1163 3183 1235 3224 eo
1273 3165 1518 3234 ducitur,
1561 3165 1710 3223 hanc
1752 3163 1999 3243 primum
2042 3164 2143 3223 ha·
2171 3171 2209 3225 9

207 3253 313 3314 bet
340 3251 511 3325 viam,
538 3272 674 3333 quae
697 3252 931 3315 deducit
951 3253 1027 3312 ad
1068 3255 1513 3313 convenientiam
1552 3252 2145 3330 conservationemque

207 3349 470 3401 naturaez
510 3361 684 3420 quam
720 3343 772 3401 si
809 3361 1112 3421 sequemur
1148 3342 1376 3413 ducem,
1409 3358 1698 3418 nunquam
1737 3340 2143 3412 aberrabimus,

209 3450 630 3510 sequemurque
655 3438 716 3491 et
739 3432 817 3502 id,
843 3432 999 3511 quod
1026 3439 1258 3492 acutum
1286 3438 1345 3490 et
1371 3429 1668 3509 perspicax
1693 3435 1896 3488 natura
1920 3436 2045 3499 est;
2085 3437 2146 3491 et

207 3520 289 3591 id,
316 3520 475 3599 quod
501 3521 577 3580 ad
595 3521 889 3581 hominum
915 3521 1383 3581 consociationem
1410 3518 1938 3597 accommodatum,
1978 3526 2039 3578 et
2063 3519 2141 3589 id,

208 3609 371 3692 quod
394 3610 711 3672 vehemens·
741 3618 916 3691 atque
949 3611 1115 3675 forte.
1195 3609 1316 3670 Sed
1353 3608 1601 3669 maxima
1625 3609 1711 3669 vis
1736 3608 1927 3669 decori
1947 3609 2010 3669 in
2033 3611 2144 3671 hac
2172 3616 2245 3675 10
