2592 4142
309 285 426 340 110
1130 296 1209 338 ιιι
1237 297 1519 339 omous-

408 426 674 496 interest,
687 433 883 484 utrum
924 445 996 485 ex
1037 425 1266 485 homine
1302 446 1367 484 se
1406 432 1705 486 convertat
1720 426 1853 504 quis
1886 424 1948 486 in
1979 426 2235 498 beluam,
2260 435 2367 488 an'

407 516 645 636 heminis
671 517 853 595 figura
877 516 1283 576 immanitatem
1309 522 1475 595 gerat
1499 515 1726 575 beluae.
1703 516 1732 557 9

485 695 644 754 XXI.
687 694 874 764 Quid.
854 695 882 737 9
923 693 1019 772 qui
1045 694 1233 754 omnia
1256 700 1414 752 recta
1440 700 1521 752 et
1548 639 1786 764 honesta
1823 669 2141 774 negligunt,
2170 694 2336 772 dum-

408 784 581 842 modo
612 803 653 861 p
670 803 705 842 o
721 791 748 841 t
763 803 796 842 e
810 804 851 841 n
864 784 922 842 t
907 803 927 842 1
941 802 978 840 a
991 803 1051 841 m
1085 790 1519 859 consequantur,
1538 801 1723 841 nonne
1734 783 1902 842 idem
1921 783 2153 851 faciunt,
2178 767 2336 860 quod

405 873 474 941 is,
501 873 599 950 qui
622 873 793 932 etiam
820 891 1078 932 socerum
1111 872 1324 930 habere
1350 871 1529 930 voluit
1569 890 1718 941 eum,
1748 873 1912 950 cujus
1945 873 2068 950 ipse
2084 869 2338 931 audacia.
2366 861 2371 866 ’

345 968 382 1020 2
410 969 624 1040 potens
638 971 826 1021 esset.
804 963 832 1005 9
894 962 1049 1021 Utile
1065 962 1120 1019 ei
1137 958 1436 1020 videbatur
1463 959 1769 1039 plurimum
1798 979 1967 1039 posse
1987 961 2266 1020 alterius
2249 980 2334 1019 ιιι-

408 1052 589 1110 vidia:
630 1052 690 1110 id
718 1070 891 1129 quam
914 1049 1228 1138 injustum
1212 1069 1270 1107 m
1298 1049 1559 1127 patriam,
1579 1055 1639 1107 et
1662 1068 1851 1127 quam
1859 1056 2049 1129 turpe,
2066 1056 2134 1109 et
2158 1068 2338 1127 quam

345 1147 380 1199 3
408 1140 604 1210 inutile
643 1147 811 1210 esset,
838 1159 953 1200 non
976 1138 1221 1216 videbat.
1306 1139 1440 1215 Ipse
1477 1144 1672 1197 autem
1708 1156 1869 1196 socer
1890 1139 1952 1196 in
1979 1157 2077 1197 ore
2105 1157 2337 1217 semper

411 1231 643 1292 Graecos
670 1249 867 1288 versus
893 1229 967 1287 de
992 1227 1306 1287 Phoenissis
1333 1227 1598 1295 habebat,
1621 1245 1765 1303 quos
1786 1227 1971 1286 dicam
1992 1235 2064 1298 ut
2089 1234 2335 1307 potero·
2363 1264 2372 1271 ·

409 1318 690 1377 incondite
715 1319 972 1386 fortasse,
1001 1316 1104 1376 sed
1129 1323 1324 1376 tamen
1347 1322 1415 1373 ιιι
1439 1334 1531 1373 res
1557 1316 1738 1393 possit
1762 1315 2034 1395 intelligi:

631 1439 806 1524 'Nam
831 1440 883 1496 si
908 1438 1234 1504 violandum
1258 1446 1338 1495 est
1348 1437 1469 1513 jus,
1497 1436 1766 1511 reynandi
1786 1438 1978 1510 qratia

659 1526 1001 1586 Violandum
1026 1535 1103 1586 est
1128 1545 1147 1585 :
1185 1528 1321 1585 aliis
1345 1527 1504 1608 rebus
1518 1527 1783 1601 pietatem
1807 1525 1970 1585 colas.

343 1652 383 1707 4
413 1643 682 1726 Capitalis
720 1649 997 1717 EteocleS,
1026 1647 1118 1708 vel
1157 1648 1349 1726 potius
1385 1647 1701 1725 EuripideS,
1730 1648 1831 1725 qui
1865 1647 1924 1706 id
1950 1663 2147 1718 unum,
2177 1647 2338 1727 quo'd

410 1737 660 1797 omnium
700 1737 1185 1808 sceleratissimum
1223 1736 1410 1805 fuerit,
1440 1737 1738 1815 e-xcepent.
1821 1737 1972 1806 Quid
2011 1733 2188 1816 igitur
2226 1739 2335 1797 mi-

408 1835 547 1886 nuta
574 1828 901 1908 colligimus,
929 1827 1288 1895 hereditateS,
1317 1833 1682 1895 mercaturaS,
1711 1825 2058 1884 venditiones
2096 1823 2336 1886 fraudu-

344 1926 380 1977 5
408 1917 628 1976 lentas.
606 1918 634 1960 9
713 1917 864 1976 Ecce
891 1917 1010 1986 tibi,
1039 1916 1136 1996 qui
1167 1935 1267 1974 rex
1309 1915 1505 1993 populi
1540 1904 1782 1976 Romani
1807 1915 2184 1993 dominusque
2213 1936 2338 1975 om-

345 2013 381 2066 6
409 2008 563 2065 nium
581 2007 842 2086 gentium
881 2025 1005 2064 esse
1047 2002 1404 2083 concupierit,
1433 2004 1605 2083 idque
1644 2004 1958 2083 perfecerit.
2040 2005 2207 2063 Hanc
2232 2011 2337 2064 cu-

411 2096 706 2174 piditatem
727 2096 776 2154 si
794 2096 1089 2154 honestam
1110 2095 1251 2172 quis
1257 2112 1381 2154 esse
1399 2094 1550 2162 dicit,
1571 2112 1762 2180 amens
1783 2101 1886 2152 est.
1946 2094 2163 2152 Probat
2184 2093 2339 2154 enim

407 2185 601 2263 legum
618 2185 677 2242 e't
695 2181 967 2242 h'bertatis
986 2185 1300 2250 interitum:
1331 2201 1636 2260 earumque
1655 2182 2091 2261 oppressionem,
2107 2189 2340 2242 taetram

346 2273 381 2332 ’1
410 2281 469 2331 et
496 2273 904 2350 detestabilem,
934 2272 1237 2352 gloriosam
1267 2278 1451 2350 putat.
1519 2273 1631 2342 Qui
1656 2280 1849 2330 autem
1874 2271 2103 2341 fatetur,
2125 2272 2337 2330 hones-

408 2369 533 2420 tum
558 2381 672 2420 non
698 2381 821 2421 esse
846 2362 903 2419 in
930 2381 997 2434 ea
1024 2362 1263 2442 civitate,
1292 2381 1423 2439 quae
1451 2362 1628 2421 libera
1661 2360 1786 2430 fuit,
1814 2363 2055 2439 quae'que
2081 2379 2205 2418 esse
2233 2360 2338 2420 de·

409 2453 559 2520 beat,
600 2470 855 2534 regnare,
885 2450 997 2510 sed
1037 2451 1106 2520 ei,
1136 2450 1234 2528 qui
1271 2451 1333 2508 id
1378 2451 1563 2509 facere
1603 2451 1800 2529 possit,
1837 2469 1960 2509 esse
2000 2449 2172 2508 utile:
2218 2469 2339 2527 qua

408 2542 582 2608 hunc,
607 2541 996 2620 objurgatione
1036 2546 1139 2599 aut
1184 2549 1299 2618 quo
1346 2540 1536 2618 potius
1577 2540 1826 2599 convicio
1865 2559 1901 2604 a
1939 2547 2102 2598 tanto
2141 2558 2338 2599 errore

345 2637 381 2690 8
411 2651 580 2692 coner
616 2624 856 2690 avellere
872 2632 900 2690 ⁶?
981 2631 1184 2689 Potest
1218 2629 1386 2698 enim,
1414 2628 1492 2687 dii
1517 2629 1881 2697 immortaleS,
1898 2629 2169 2708 >cuiquam
2202 2648 2334 2690 esse

408 2721 545 2778 utile
571 2720 943 2779 foedissimum
970 2727 1029 2778 et
1054 2719 1429 2779 taeterrimum
1457 2718 1817 2796 parricidium
1850 2715 2049 2798 patriae
2075 2737 2088 2775 :
2132 2738 2335 2796 quam-
2362 2705 2365 2714 ⁴

410 2809 492 2865 vis
531 2808 597 2876 is,
638 2809 736 2886 qui
774 2829 836 2878 se
876 2828 945 2866 eo
991 2808 1369 2884 obstrinxerit,
1413 2807 1487 2865 ab
1527 2807 1813 2885 oppressis
1855 2805 2066 2865 civibus
2113 2805 2338 2865 Parens
2379 2801 2383 2806 ’

347 2904 382 2956 9
411 2896 762 2954 nominetur.
742 2897 769 2938 9
824 2896 1139 2954 Honestate
1158 2897 1331 2973 igitur
1351 2895 1643 2974 dirigenda
1663 2895 1876 2953 utilitas
1896 2901 1999 2964 est,
2021 2894 2340 2972 etquidem

411 2985 508 3053 sic,
537 2991 604 3042 ut
641 2985 770 3043 haec
797 2985 931 3053 duo,
961 2985 1135 3042 verbo
1173 2985 1319 3044 inter
1354 3004 1416 3043 se
1444 2985 1783 3087 discrepare,
1812 3003 1876 3042 re
1913 3003 2092 3044 unum
2132 3002 2337 3070 sonare

309 3080 383 3133 10
410 3074 720 3133 videantur.
801 3073 933 3132 Non
958 3073 1159 3140 habeo,
1188 3065 1263 3132 ad
1291 3073 1453 3151 vulgi
1482 3073 1815 3151 opinionem,
1844 3091 1975 3151 quae
2010 3072 2215 3149 major
2218 3073 2338 3134 nti-

408 3154 554 3231 litas,
596 3182 767 3240 quam
804 3161 1095 3243 regnandi,
1139 3181 1262 3220 esse
1304 3163 1517 3240 possit.
1558 3162 1697 3220 nihil
1737 3170 1935 3220 contra
1972 3161 2223 3222 inutilius
2260 3161 2337 3230 ei,

410 3253 506 3332 qui
545 3253 752 3331 injuste
791 3257 1128 3311 consecutus
1167 3250 1271 3319 sit,
1301 3251 1539 3319 inveni0,
1570 3270 1701 3310 cum
1738 3249 1813 3308 ad
1851 3250 2143 3311 veritatem
2183 3248 2342 3328 coepi

309 3346 379 3401 11
410 3359 676 3401 revocare
701 3341 987 3399 rationem.
1069 3341 1320 3399 Possunt
1346 3340 1493 3398 enim
1523 3340 1787 3416 cuiquam
1812 3358 1937 3397 esse
1962 3337 2131 3396 utiles
2158 3339 2338 3420 ango-

409 3450 516 3499 res,
552 3430 980 3497 sollicitudineS,
999 3428 1182 3487 diurni
1221 3436 1280 3487 et
1319 3429 1578 3489 nocturni
1615 3434 1821 3508 metus,
1849 3428 1967 3486 vita
2003 3426 2343 3488 insidiarum

410 3519 898 3597 periculorumque
926 3517 1247 3596 plenissima.
1263 3517 1291 3575 9

317 3642 394 3698 12
578 3638 770 3722 Mazi·
794 3638 980 3712 iniqwi
1003 3645 1169 3712 acque
1193 3638 1445 3713 infideles
1468 3638 1651 3713 rem,
1669 3597 2006 3713 panarum
2031 3637 2174 3707 bona,
2256 3599 2273 3608 ⁴
