2592 4142
893 280 1068 335 mann
1093 286 1133 326 1.
1215 284 1351 327 oar.
1380 286 1557 328 xm.
2157 271 2240 335 4}

194 413 497 475 industria.
576 413 781 492 Atque
815 413 988 473 etiam
1023 433 1157 477 cum
1180 414 1437 477 relaxare
1461 415 1679 476 animos
1706 421 1768 475 et
1792 414 1934 475 darc
1955 434 2019 477 se
2039 415 2132 497 Ju-
2159 419 2201 478 4

197 503 481 565 cmditati
517 504 729 578 volent,
767 510 1007 563 caveant
1044 504 1556 609 intemperantiam,
1597 505 1952 565 meminerint
1976 525 2134 567 vere·

196 593 458 655 cundiae:
515 593 675 672 quod
719 593 827 653 crit
871 593 1127 663 facilius,
1157 595 1206 653 si
1253 595 1313 653 in
1355 594 1640 673 ejusmodi
1684 595 1917 674 quidem
1961 597 2134 657 rebus

196 684 450 763 majores
489 690 633 742 natu
657 683 835 742 velint
872 684 1162 745 interesse.
1245 684 1491 745 Senibus
1529 692 1725 759 autem
1760 685 1984 745 labores
2010 706 2132 747 cor
2157 680 2198 749 5

197 773 361 853 po'ris
397 773 707 843 minuendi,
734 774 1163 833 exercitationes
1206 774 1381 835 animi
1424 775 1596 835 etiam
1633 776 1917 856 augendae
1939 776 2133 836 viden·

197 870 317 925 tur.
369 863 581 923 Danda
596 882 735 923 vero
751 880 943 942 opera,
960 870 1028 923 ut
1042 870 1104 922 et
1120 864 1335 923 amicos
1354 871 1415 923 et
1434 864 1793 943 juventutem
1811 873 1873 926 et
1889 867 2184 927 maxime

199 972 326 1013 rem
352 954 643 1032 publicam
661 953 895 1015 consilio
912 959 972 1012 ct
997 953 1301 1033 prudentia
1323 972 1499 1032 quam
1518 954 1821 1033 plurimum
1840 956 2131 1035 adjuvent.

197 1042 365 1103 Nihil
389 1050 586 1103 autem
609 1042 794 1123 magis
812 1041 1135 1103 cavendum
1155 1050 1246 1102 est
1270 1044 1567 1113 senectuti,
1589 1063 1763 1123 quam
1779 1064 1852 1104 ne
1871 1045 2134 1125 languori
2161 1052 2198 1106 6

198 1150 266 1192 se
291 1132 640 1212 desidiaequc
665 1133 858 1193 dedat.
940 1133 1197 1193 Luxuria
1214 1150 1358 1193 vero
1384 1152 1518 1194 cum
1542 1133 1699 1194 omni
1734 1135 1891 1194 aetati
1928 1136 2131 1213 turpis,
2161 1137 2198 1198 ⁷

197 1228 331 1282 tum
367 1223 647 1285 senectuti
689 1223 1006 1283 foedissima
1045 1230 1151 1295 cst.
1233 1220 1337 1283 Sin
1381 1230 1577 1284 autem
1622 1224 1918 1284 libidinum
1962 1225 2135 1285 etiam

196 1311 635 1392 intemperantia
679 1312 998 1382 accesserit,
1039 1313 1256 1393 duplex
1301 1313 1517 1393 malum
1563 1322 1668 1382 est,
1709 1314 1868 1395 quod
1905 1319 1967 1373 et
2009 1313 2136 1394 ipsa

197 1410 467 1462 senectus
487 1402 739 1463 dedecus
758 1403 1021 1483 concipit,
1043 1410 1105 1463 et
1129 1404 1268 1464 facit
1284 1404 1732 1465 adolescentium
1756 1403 2134 1485 impudentio-

197 1511 326 1553 rem
350 1492 861 1573 intemperantiam.

278 1582 377 1642 Ac
428 1596 502 1642 ne
546 1583 694 1643 illud
734 1582 968 1687 quidem
1006 1583 1252 1643 ahenum
1291 1590 1398 1654 est,
1436 1583 1512 1644 de
1556 1584 2013 1665 magistratuum,
2056 1585 2131 1646 de
2161 1591 2198 1645 8
2240 1644 2250 1655 ,

197 1672 573 1753 privatorum,
601 1673 676 1732 de
703 1673 929 1743 civium,
957 1673 1032 1734 de
1063 1674 1493 1754 peregrinorum
1517 1675 1713 1735 officiis
1739 1675 1945 1736 dicere.
2013 1676 2134 1736 Est
2161 1681 2198 1737 9

197 1762 377 1843 igitur
422 1763 722 1842 proprium
762 1782 975 1824 munus
1018 1764 1406 1844 magistratus,
1454 1764 1784 1844 intelligere,
1825 1783 1889 1825 sc
1934 1784 2136 1845 gerere

197 1871 508 1932 personam
533 1853 790 1923 civitatis,
812 1854 1135 1933 debereque
1155 1854 1300 1931 ejus
1309 1854 1649 1933 dignitatem
1675 1861 1737 1913 et
1761 1854 1938 1914 decus
1965 1854 2134 1914 susti·
2221 1854 2226 1859 ’

197 1962 355 2012 nere,
383 1961 608 2003 servare
646 1943 827 2023 leges,
850 1944 984 2023 jura
1025 1943 1365 2012 describere,
1399 1962 1468 2003 ea
1509 1943 1642 2002 fidei
1683 1961 1805 2001 suae
1840 1943 2138 2002 commissa

197 2032 539 2094 meminisse.
614 2033 912 2105 Privatum
937 2039 1132 2093 autem
1160 2039 1391 2112 oportet
1415 2051 1582 2112 aequo
1608 2038 1670 2091 et
1694 2032 1818 2112 pari
1844 2052 1976 2093 cum
2003 2032 2134 2094 civi·
2166 2039 2241 2094 10

197 2123 314 2183 bus
348 2121 480 2202 jure
518 2123 723 2193 vivere,
764 2142 949 2202 neque
994 2123 1363 2183 summissum
1404 2130 1465 2201 et
1501 2122 1809 2205 abjectum,
1850 2140 2035 2202 neque
2072 2140 2136 2183 se

198 2213 568 2273 efferentem·
610 2220 737 2297 tum
776 2213 837 2273 in
878 2232 943 2273 re
983 2213 1216 2319 publica
1253 2233 1325 2273 ea
1362 2194 1526 2283 velle,
1553 2232 1687 2293 quae
1728 2213 2031 2291 tranquilla
2075 2219 2137 2273 et

200 2300 448 2362 honesta
476 2304 605 2365 sint.
684 2303 884 2363 Talem
908 2304 1059 2363 enim
1086 2303 1335 2362 solemus
1362 2309 1423 2363 et
1448 2303 1657 2363 sentire
1691 2303 1906 2362 bonum
1932 2303 2132 2373 civem,

200 2400 265 2452 et
287 2393 500 2453 dicere.
581 2393 901 2472 Peregrini
915 2399 1109 2455 autem
1148 2400 1323 2471 atque
1361 2393 1578 2453 incolae·
1591 2392 1837 2455 officium
1864 2399 1971 2462 cst,
1996 2393 2134 2453 nihil
2164 2397 2235 2453 11

202 2490 419 2562 praeter
457 2501 628 2542 suum
672 2483 968 2563 negotium
1010 2501 1209 2565 agere,
1230 2483 1372 2541 nihil
1407 2482 1480 2541 de
1507 2483 1618 2542 alio
1642 2482 1956 2560 anquirere,
1976 2483 2134 2543 mini-

200 2592 413 2651 meque
437 2590 562 2633 esse
588 2573 646 2632 in
672 2572 854 2633 aliena
876 2591 940 2631 re
967 2573 1199 2651 publica
1225 2573 1612 2632 curiosum.-

283 2663 399 2721 Ita
416 2663 537 2723 fere
575 2663 758 2722 officia
795 2663 1169 2742 reperientur,
1213 2681 1346 2720 cum
1387 2667 1692 2739 quaeretur,
1737 2659 1874 2739 quid
1914 2618 2132 2730 deceat,
2166 2666 2238 2720 12

201 2759 265 2812 et
289 2752 433 2833 quid
456 2759 662 2832 aptum
689 2752 763 2811 sit
789 2753 1067 2835 personis,
1091 2746 1467 2830 temporibus,
1497 2750 1778 2810 aetatibus.
1860 2750 2019 2810 Nihil
2044 2757 2135 2811 est
2166 2756 2239 2810 13

200 2848 417 2911 autem,
445 2842 604 2921 quod
643 2849 765 2901 tam
792 2842 1012 2911 deceat,
1043 2860 1217 2921 quam
1247 2841 1309 2900 in
1335 2840 1488 2900 omni
1512 2860 1575 2901 re
1601 2840 1856 2921 gerenda
1880 2840 2133 2902 consilio·

200 2950 320 3012 quc
343 2931 623 3011 capiendo
648 2950 879 2992 servare
899 2931 1293 2993 constantiam.

280 3111 525 3171 XXXV.
555 3110 673 3171 Sed
698 3110 963 3189 quoniam
981 3109 1253 3172 decorum
1277 3109 1423 3173 illud
1443 3108 1784 3177 „inomnibus
1808 3109 1992 3178 factis,
2015 3109 2133 3170 dic-

199 3200 295 3272 tis,
317 3201 377 3259 in
397 3201 650 3279 corporis
676 3200 919 3280 denique
939 3206 1102 3259 motu
1126 3207 1190 3259 et
1213 3207 1373 3259 statu
1396 3200 1659 3267 cernitur,
1686 3199 1860 3277 idque
1887 3198 2138 3276 positum

201 3296 295 3349 est
332 3290 391 3348 in
429 3290 614 3351 tribus
655 3290 846 3359 rebus,
873 3288 1250 3358 formodtate,
1278 3288 1494 3357 ordine,
1522 3294 1728 3347 ornatu
1751 3287 1828 3347 ad
1854 3287 2134 3363 actionem

202 3386 361 3458 apto,
390 3379 709 3439 difficilibus
748 3380 825 3438 ad
867 3379 1268 3457 eloquendum,
1300 3377 1405 3437 sed
1448 3377 1586 3435 satis
1622 3377 1730 3435 erit
1766 3375 2038 3456 intelligi,
2024 3395 2037 3409 ·
2078 3377 2138 3436 in
2164 3381 2202 3436 2

203 3468 292 3527 his
319 3475 516 3526 autem
542 3469 725 3527 tribus
752 3469 1068 3528 continetur
1094 3488 1232 3528 cura
1257 3469 1431 3532 etiam
1458 3467 1571 3535 illa,
1601 3473 1669 3525 ut
1707 3466 2014 3545 probemur
2052 3466 2136 3535 iis,

202 3556 546 3635 quibuscum
561 3557 721 3636 apud
735 3578 816 3637 qu
916 3577 991 3619 ue
1007 3576 1290 3616 Vlvamus:
1320 3557 1410 3617 his
1425 3575 1656 3635 quoque
1669 3556 1743 3615 de
1763 3557 1934 3616 rebus
1954 3573 2140 3635 pauca

203 3645 485 3707 dicantur.
565 3558 1167 3887 Principiggiiorporis
1174 3646 1354 3707 nostri
1378 3664 1649 3726 magnam
1673 3653 1879 3707 natura
1903 3646 2033 3727 ipsa
2055 3644 2137 3708 vi·
2163 3649 2203 3706 8

953 3761 1143 3837 31¹·ss

1481 3956 1510 3993 't'
