2592 4142
310 239 423 295 114
1135 256 1212 297 nn
1242 245 1500 298 ormons

409 384 595 443 XXV.
637 383 731 444 Ac
757 403 831 443 ne
856 384 954 443 illa
979 385 1209 468 quidem
1250 385 1526 464 promissa
1565 381 1846 444 servanda
1885 392 2039 456 sunt,
2071 405 2213 467 quae
2237 408 2356 451 non

346 480 383 533 2
412 481 547 533 sunt
570 474 637 533 iis
663 475 799 553 ipsis
841 476 1016 543 utilia,
1046 476 1251 554 quibus
1290 477 1390 533 illa
1429 476 1772 554 promiseris,
1854 476 1957 536 Sol
1996 477 2355 539 Phaethonti

410 564 541 634 filio,
571 571 640 623 ut
663 565 962 624 redeamus
989 565 1065 623 ad
1080 566 1323 634 fabulas,
1345 566 1632 624 facturum
1662 584 1724 623 se
1752 584 1878 624 esse
1897 566 2056 635 dixit,
2077 570 2354 647 quicquid

410 662 683 732 optasset.
768 655 1023 733 Optavit,
1051 662 1118 713 ut
1142 656 1200 713 in
1228 675 1457 714 currum
1472 656 1663 733 *patris
1690 656 1999 715 tolleretur:
2073 658 2355 718 Sublatus

411 750 516 802 est.
598 744 798 822 Atque
823 745 872 806 is
898 753 1205 824 antequam
1242 746 1511 814 constitit,
1541 746 1665 805 ictu
1699 745 1949 805 fulminis
1990 746 2351 827 deflagravit.

345 840 382 893 3
413 834 641 904 Quanto
666 835 866 893 melius
892 835 1096 904 fuerat,
1125 836 1184 893 in
1208 836 1320 894 hoc
1348 835 1689 913 promissum
1717 837 1897 915 patris
1923 856 2039 895 non
2066 856 2209 895 esse*
2235 857 2354 896 ser·

411 924 645 983 vatum!
726 924 895 994 Quid,
924 925 1079 1004 quod
1106 925 1362 984 Theseus
1388 925 1580 1005 exegit
1605 927 1945 1005 promissum
1971 946 2006 990 a
2026 927 2308 1005 Neptuno
2325 929 2354 987 ἱ)

411 1014 522 1073 Oui
549 1033 682 1073 cum
704 1021 834 1096 tres
851 1016 1172 1093 optationes
1188 1015 1497 1094 Neptunus
1525 1014 1796 1084 dedisset,
1816 1016 2036 1094 optavit
2061 1017 2358 1077 interitum

412 1104 717 1184 Hippolyti
741 1105 860 1174 filii,
886 1125 1019 1164 cum
1043 1106 1092 1164 is
1119 1106 1268 1184 patri
1295 1112 1600 1184 suspectus
1629 1113 1780 1164 esset
1809 1106 1884 1164 de
1909 1096 2155 1166 noverca
2179 1127 2192 1166 :
2235 1128 2357 1186 quo

345 1198 385 1253 4
412 1202 610 1274 optato
635 1195 957 1273 impetrate,
988 1196 1241 1254 Theseus
1269 1196 1329 1254 in
1355 1195 1633 1254 maximis.
1650 1196 1760 1254 fuit
1799 1196 2065 1256 luctibus.
2149 1198 2304 1268 Quid
2326 1204 2357 1263 2

410 1286 813 1364 Agamemnon
839 1304 972 1344 cum
1012 1286 1335 1344 devovisset
1361 1286 1585 1355 Dianae,
1614 1286 1770 1364 quod
1797 1286 1856 1344 in
1882 1306 2195 1367 suoregno
2222 1288 2357 1366 pnl-

412 1375 755 1433 cherrimum
781 1382 980 1434 natum
1009 1383 1161 1434 esset
1186 1376 1284 1435 illo
1312 1395 1479 1445 anno,
1499 1376 1814 1435 immolavit
1839 1377 2214 1456 Iphigeniam,
2236 1396 2360 1455 qua

409 1465 549 1524 nihil
576 1472 698 1524 erat
723 1484 793 1524 eo
818 1466 1052 1543 quidem
1077 1484 1225 1525 anno
1250 1474 1452 1525 natum
1474 1467 1784 1546 pulchrius,
1866 1467 2219 1527 Promissum
2247 1487 2359 1546 po-

411 1554 526 1614 tius
551 1575 666 1614 non
692 1556 1032 1625 faciendum,
1062 1576 1236 1635 quam
1261 1563 1383 1617 tam
1409 1564 1644 1616 taetrum
1670 1557 1891 1617 facinus
1931 1558 2360 1617 admittendum

347 1651 396 1706 δ
413 1644 539 1705 fuit.
620 1645 778 1726 Ergo
819 1653 882 1705 et
928 1648 1211 1725 promissa
1248 1665 1366 1706 non
1408 1647 1667 1706 facienda
1705 1667 2124 1726 nonnunquam,
2167 1666 2360 1726 neque

347 1740 385 1796 6
413 1754 640 1814 semper
665 1736 928 1815 deposita
965 1737 1278 1797 reddenda.
1361 1737 1453 1796 Si
1442 1736 1722 1816 gladium
1758 1737 1885 1820 quis
1924 1738 2083 1816 apud
2108 1744 2171 1796 te
2210 1756 2358 1796 sana

412 1833 605 1886 mente
632 1826 979 1905 deposuerit,
1008 1817 1592 1908 repetatzjnsaniens3
1631 1827 1875 1886 reddere
1915 1834 2219 1906 peccatum
2261 1828 2356 1897 sit,

350 1915 386 1977 ’1
415 1917 665 1977 officium
706 1936 821 1976 non
862 1916 1119 1977 reddere.
1202 1917 1373 1989 Quid,
1403 1917 1450 1976 si
1495 1917 1561 1985 is,
1605 1917 1704 1995 qui
1743 1916 1900 1995 apud
1943 1924 2002 1974 te
2048 1917 2359 1996 pecuniam

388 2003 760 2086 deposuerit,
783 2007 996 2067 bellum
1011 2008 1215 2066 inferat
1241 2006 1465 2086 patriae,
1483 2005 1768 2065 reddasne
1786 2007 2158 2085 depositum?
2199 2007 2358 2077 Non,

417 2095 604 2156 credo.
687 2097 888 2156 Facias
929 2097 1083 2156 enim
1125 2103 1323 2156 contra
1361 2115 1484 2155 rem
1522 2091 1828 2175 publicam,
1856 2114 1988 2174 quae
2014 2095 2192 2155 debet
2228 2116 2360 2156 esse

350 2193 389 2246 8
417 2186 721 2245 carissima.
801 2186 896 2245 Sic
942 2187 1143 2255 multa,
1185 2205 1317 2265 quoe
1359 2187 1601 2245 honesta
1647 2192 1853 2244 natura
1888 2184 2164 2244 -videntur
2209 2205 2358 2256 esse,

415 2274 770 2354 temporibus
798 2275 944 2333 fiunt
967 2294 1084 2334 non
1121 2276 1380 2336 honesta.
1464 2278 1677 2335 Facere
1718 2276 2012 2353 promissa,
2041 2282 2195 2334 stare
2221 2295 2360 2339 con-

414 2364 617 2434 ventis,
645 2364 886 2423 reddere
927 2363 1205 2444 deposita,
1236 2372 1589 2436 commutata
1626 2366 1885 2434 utilitate,
1915 2367 2059 2425 fiunt
2097 2385 2214 2424 non
2251 2368 2360 2427 ho-

351 2462 389 2516 9
415 2463 593 2515 nesta.
676 2455 769 2514 Ac
795 2454 870 2514 de
895 2455 966 2515 iis
988 2454 1236 2534 quidem,
1256 2475 1390 2534 quae
1409 2455 1680 2515 videntur
1706 2474 1830 2514 esse
1857 2456 2131 2515 utilitates
2159 2464 2362 2518 conti-a

411 2546 691 2626 justitiam
717 2546 1072 2605 simulatione
1099 2545 1442 2624 prudentiae,
1470 2545 1608 2604 satis
1633 2545 1878 2605 arbitror
1903 2545 2138 2606 dictum.

316 2729 393 2785 10
469 2725 619 2784 ‘Sed
647 2725 913 2804 quoniam
951 2745 988 2783 a
1027 2732 1301 2804 quattuor
1338 2724 1591 2784 fontibus
1635 2724 1948 2784 honestatis
1988 2723 2172 2804 primo
2211 2725 2361 2786 libro

418 2813 600 2879 officia
625 2814 909 2884 duximus,
936 2815 994 2873 in
1020 2815 1235 2874 eisdem
1253 2829 1562 2885 versemur,
1585 2835 1717 2874 cum
1744 2815 2094 2888 docebimus,
2117 2834 2203 2884 ea,
2224 2835 2360 2893 quae

418 2902 719 2963 videantur
744 2922 869 2963 esse
905 2905 1085 2973 utilia,
1115 2924 1301 2983 neque
1340 2905 1469 2973 sint,
1498 2924 1673 2983 quam
1714 2906 1826 2963 sint
1851 2906 2074 2964 virtutis
2113 2905 2357 2965 inimica.

317 3000 387 3055 11
419 2993 512 3053 Ac
541 2992 615 3052 de
641 2994 945 3073 prudentia
970 2994 1218 3073 quidem,
1248 3014 1423 3074 quam
1441 2996 1567 3054 vult
1592 2996 1797 3054 imitari
1815 2996 2063 3065 malitia3
2103 2995 2360 3074 itemque

294 3084 392 3146 '12
421 3085 495 3145 de
518 3084 754 3163 justitia,
777 3104 909 3164 quae
934 3101 1161 3164 semper
1186 3094 1275 3145 est
1301 3086 1472 3154 utilis,
1502 3085 1861 3164 disputatum
1901 3092 2005 3145 est.
2097 3086 2361 3164 Reliquae

419 3182 554 3235 sunt
580 3175 714 3235 duae
739 3184 936 3255 partes
963 3175 1296 3244 honestatis,
1326 3194 1571 3253 quarum
1597 3175 1776 3234 altera
1801 3176 1861 3233 in
1885 3174 2055 3234 animi
2075 3175 2356 3235 excellen-

403 3266 493 3346 tis
520 3266 910 3345 magnitudine
950 3272 1011 3324 et
1051 3266 1381 3345 praestantia
1421 3265 1682 3335 cernitur,
1725 3265 1905 3324 altera
1941 3265 2000 3324 in
2041 3266 2360 3325 conforma-

419 3356 573 3430 tione
600 3363 661 3418 et
684 3356 1071 3415 moderatione
1085 3356 1459 3416 'continentiae
1477 3362 1538 3415 et
1563 3355 1969 3446 temperantiae.

501 3534 723 3592 XXVI.
757 3534 924 3592 Utile
953 3534 1254 3593 videbatur
1279 3533 1408 3592 Uli
1424 3555 1463 3593 x
1477 3534 1497 3593 i
1540 3532 1632 3614 (ut
1657 3534 1893 3612 quidem
1934 3541 2126 3614 poetae
2156 3535 2364 3615 tragici

422 3621 828 3700 prodiderunt.
868 3640 1003 3681 nam
1028 3622 1186 3701 apud
1212 3623 1551 3695 Homerum,
1579 3624 1863 3705 optimum
1888 3631 2204 3697 auctorem,
2231 3626 2364 3688 talis
