2592 4142
391 231 472 289 4s
1218 245 1295 283 nn
1336 243 1595 285 ormena
1627 276 1632 281 .

493 378 734 434 tendum
752 381 873 444 est,
859 393 873 408 ·
914 393 1123 447 verum
1140 374 1383 432 alterum
1410 373 1740 437 exercitatio
1753 373 2009 452 augebit,
2031 373 2284 437 alterum
2308 374 2453 436 imi·
2487 364 2500 371 ⁶

429 472 468 526 5
495 465 637 525 tatio
664 484 859 543 presse
885 465 1238 543 loquentium
1265 471 1326 522 et
1352 463 1566 523 leniter.
1649 463 1807 522 Nihil
1845 464 1958 523 fuit
1995 465 2055 523 in
2091 465 2339 535 Catulis,
2373 474 2454 526 ut

494 572 597 612 eos
621 554 901 633 exquisito
920 554 1137 632 judicio
1164 561 1399 632 putares
1427 555 1513 613 uti
1537 554 1869 622 litterarum,
1891 572 2238 632 quamquam
2263 565 2453 621 erant

493 643 744 713 litterati,
773 645 875 703 sed
916 652 976 704 et
1015 645 1140 703 alii:
1183 645 1243 702 hi
1280 651 1477 702 autem
1504 644 1719 721 optime
1745 643 1831 702 uti
1868 644 2064 723 lingua
2089 646 2293 703 Latina
2326 667 2449 725 pu-

430 739 466 792 6
494 734 782 797 tabantur.
848 734 1039 793 Sonus
1066 740 1191 793 erat
1217 734 1681 802 dulcis31itterae
1707 752 1893 811 neque
1912 753 2216 813 expressae,
2238 755 2450 814 neque

492 842 803 903 oppressae,
831 842 905 887 ne
943 831 1046 883 aut
1080 824 1392 883 obscurum
1426 830 1597 892 esset,
1625 829 1728 882 aut
1766 823 2049 902 putidum.
2128 826 2263 884 Sine
2293 846 2446 886 con-

429 911 465 973 ’1
494 915 744 985 tentione
783 933 900 974 vox
938 933 1045 973 nec
1091 913 1390 994 languens,
1430 930 1537 973 1130
1577 931 1801 973 canora.
1882 913 2126 974 Uberior
2150 914 2337 975 oratio
2364 918 2444 981 L.

408 1028 423 1035 ’
494 1003 703 1074 Crassi,
749 1023 856 1071 nec
900 1004 1087 1063 minus
1127 1004 1354 1063 faceta:
1405 1003 1518 1065 sed
1564 1002 1710 1063 bene
1757 1004 2029 1082 loquendi
2074 1005 2149 1064 de
2200 1006 2444 1066 Catulis

402 1098 465 1152 ’8
493 1094 682 1172 opinio
707 1114 824 1153 non
848 1094 1046 1153 minor.
1130 1093 1265 1153 Sale
1291 1110 1429 1153 vero
1454 1100 1516 1152 et
1540 1093 1758 1154 facetiis
1786 1094 1999 1163 Oaesar,
2028 1095 2220 1155 Catuli
2246 1097 2441 1174 patris

492 1184 686 1254 frater,
728 1184 865 1244 vicit
909 1203 1127 1252 omnes,
1168 1189 1236 1242 ut
1280 1183 1339 1242 in
1384 1183 1482 1243 illo
1523 1183 1652 1262 ipso
1696 1183 1907 1244 forensi
1945 1202 2157 1264 genere
2199 1186 2442 1247 dicendi

309 1332 316 1337 ,
424 1280 463 1334 9
492 1274 879 1333 contentiones
925 1275 1165 1333 aliorum
1204 1292 1466 1339 sermone
1491 1270 1757 1339 vinceret.
1808 1272 1812 1278 ’
1840 1274 1910 1333 In
1948 1268 2210 1335 omnibus
2248 1274 2441 1355 igitur

490 1362 581 1424 his
607 1364 1018 1427 elaborandum
1044 1372 1149 1433 est,
1178 1365 1228 1425 si
1250 1364 1324 1424 -in
1358 1364 1513 1423 omni
1537 1382 1619 1434 re,
1647 1363 1786 1443 quid
1813 1364 2032 1434 deceat,
2057 1366 2433 1443 exquirimus·

389 1460 464 1514 10
493 1454 582 1514 Sit
608 1474 747 1557 ergo
773 1455 866 1514 hic
892 1474 1096 1523 sermo,
1125 1454 1184 1513 in
1211 1474 1329 1533 quo
1356 1453 1655 1514 Socratici
1646 1453 1911 1515 maxime
1950 1454 2254 1525 excellunt,
2282 1456 2433 1517 lenis

478 1544 836 1648 minimeque
858 1543 1154 1623 pertinax:
1194 1544 1369 1605 insi-t
1352 1564 1412 1604 111
1436 1564 1507 1607 30
1531 1545 1714 1622 lepos.-
1792 1544 1919 1603 Nec
1945 1563 2100 1613 vero,
2128 1524 2434 1624 tamquam

389 1639 461 1693 11
491 1634 551 1694 in
573 1634 1008 1737 possessionem
1043 1648 1208 1694 suam
1234 1633 1470 1703 venerit,
1498 1634 1768 1706 excludat
1790 1634 1967 1693 alios:
2005 1635 2112 1695 sed
2140 1655 2272 1695 cum
2297 1636 2430 1696 reli-

491 1724 619 1828 quis
645 1724 704 1783 in
728 1726 919 1794 rebus,
947 1731 1076 1784 tum
1113 1724 1173 1784 in
1207 1742 1471 1789 sermone
1510 1724 1813 1793 communi,
1842 1724 2284 1789 vicissitudinem
2308 1745 2432 1787 11011

390 1814 506 1872 12
490 1814 742 1919 miqtiam
770 1821 954 1895 putet.
1021 1815 1115 1875 Ac
1143 1814 1380 1876 videat
1363 1834 1426 1877 m
1450 1813 1665 1893 primis,
1693 1814 1901 1918 quibus
1927 1814 2002 1877 de
2028 1816 2200 1875 rebus
2226 1815 2427 1896 loqua-

390 1908 462 1963 13
492 1911 625 1964 tur:
667 1904 717 1964 si
743 1905 920 1976 331113,
949 1905 1311 1965 severitatem
1338 1904 1648 1974 adhibeam
1688 1904 1738 1964 si
1757 1904 1986 1983 jocosis,
2014 1905 2283 1987 leporem.
2353 1908 2428 1966 In
2528 1976 2536 1983 ‚

493 1984 804 2101 primisque
845 1995 1164 2075 provideat,
1191 2014 1266 2054 ne
1291 2013 1481 2055 sermo
1506 1994 1706 2053 vitium
1727 1995 1963 2073 aliquod
2000 1994 2257 2057 indicet
2240 2015 2426 2059 1113333

490 2087 548 2146 in
587 2085 874 2147 moribus·
912 2084 1074 2162 quod
1113 2085 1362 2146 maxime
1400 2091 1528 2150 tum
1563 2084 1718 2144 solet
1738 2084 1979 2153 evenire,
2008 2105 2142 2149 cum
2168 2085 2425 2147 studiose

491 2175 567 2234 de
584 2174 918 2233 absentibus
935 2173 1273 2237 detrahendi
1292 2190 1483 2243 031133,
1505 2181 1609 2235 aut
1628 2193 1733 2252 per
1746 2173 2066 2244 ridiculum,
2089 2182 2192 2237 aut
2209 2194 2421 2246 severe,

390 2270 465 2325 14
491 2264 769 2325 maledice
795 2263 1315 2343 contumelioseque
1336 2264 1561 2324 dicitur.
1630 2264 1936 2327 Habentur
1953 2270 2160 2325 autem
2175 2265 2421 2344 plerum-

490 2372 605 2432 que
645 2366 935 2412 sermones
971 2359 1076 2411 aut
1100 2353 1174 2412 de
1202 2353 1529 2417 domesticis
1563 2355 1825 2434 negotiis,
1854 2362 1958 2414 aut
1982 2353 2058 2414 de
2083 2375 2147 2414 re
2173 2355 2417 2434 publica,

389 2451 463 2505 15
491 2450 593 2503 aut
634 2441 710 2501 de
748 2442 957 2501 artium
996 2443 1198 2502 studiis
1237 2451 1413 2522 atque
1450 2444 1727 2504 doctrina.
1809 2444 2016 2505 Danda
2042 2445 2221 2525 igitur
2245 2465 2423 2524 opera

491 2539 598 2607 est,
626 2539 694 2591 ut
719 2532 892 2591 etiam
921 2532 970 2591 si
995 2533 1263 2592 aberrare
1289 2533 1368 2592 ad
1406 2533 1519 2592 alia
1550 2532 1805 2614 coeperit,
1841 2535 1916 2593 ad
1959 2535 2085 2594 haec
2125 2543 2422 2596 revocetur

490 2622 705 2691 oratio;
746 2621 850 2681 sed
876 2629 1168 2701 utcunque
1192 2623 1473 2683 aderunt:
1514 2642 1700 2702 neque
1727 2623 1878 2684 enim
1901 2624 2104 2684 iisdem
2130 2625 2204 2684 de
2229 2626 2416 2695 rebus,

388 2718 463 2772 16
490 2731 597 2793 nec
623 2712 777 2771 omni
801 2719 1078 2791 tempore,
1099 2732 1204 2772 nec
1232 2713 1488 2773 similiter
1513 2712 1881 2773 delectamur.
1947 2713 2417 2774 Animadverten-

491 2800 634 2860 dum
659 2807 750 2860 est
776 2801 964 2870 etiam,
995 2808 1279 2880 quatenus
1306 2821 1496 2862 sermo
1522 2803 1959 2864 delectationem
1991 2803 2222 2874 habeat,
2247 2812 2326 2874 et,
2351 2812 2420 2865 ut

489 2889 796 2970 incipiendi
821 2891 967 2950 ratio
992 2891 1183 2960 fuerit,
1211 2892 1293 2951 ita
1318 2892 1394 2953 sit
1420 2891 1713 2952 desinendi
1740 2891 1965 2954 modus.

564 3069 904 3129 XXXVIII.
932 3014 1055 3129 8311
1068 3068 1388 3148 91101110ᾶο
1372 3089 1431 3131 111
1446 3071 1599 3132 0111111
1609 3071 1726 3132 vita
1740 3072 2049 3133 rectissime
2058 3070 2414 3154 praecipitur,

489 3165 560 3221 ut
585 3159 1037 3240 perturbationes
1074 3160 1381 3264 fugiamus,
1409 3160 1471 3221 id
1508 3168 1614 3231 est,
1642 3168 1833 3223 motus
1872 3162 2058 3227 31111111
2086 3162 2304 3232 nimios,
2328 3183 2415 3223 ra-

489 3249 631 3310 tioni
654 3268 769 3309 non
793 3250 1291 3328 obtemperantes;
1317 3250 1399 3313 310
1425 3251 1551 3330 ejus
1577 3250 1735 3313 modi
1759 3251 2009 3311 motibus
2036 3271 2224 3312 sermo
2248 3252 2418 3314 debet

490 3358 712 3410 vacare,
740 3356 812 3397 113
838 3345 941 3398 aut
965 3339 1049 3398 ira
1081 3340 1306 3409 existat,
1336 3348 1438 3400 aut
1476 3317 1760 3419 cupiditas
1798 3340 2005 3419 aliqua,
2033 3348 2137 3401 aut
2161 3342 2415 3422 pigritia,

426 3433 464 3487 2
491 3435 595 3488 aut
630 3428 869 3507 ignavia,
898 3437 1001 3491 aut
1037 3429 1153 3488 tale
1192 3429 1405 3507 aliquid
1444 3437 1765 3509 appareat.
1816 3430 2176 3509 Maximeque
2223 3451 2414 3509 curan-

490 3517 632 3577 dum
656 3522 763 3586 est,
792 3523 860 3576 ut
882 3536 1000 3586 eos,
1029 3518 1368 3596 quibuscum
1407 3530 1726 3579 sermonem
1754 3519 2129 3590 conferemus,
2157 3528 2222 3580 et
2243 3523 2414 3583 vereri

427 3610 466 3667 8
490 3605 813 3686 etdiligere
837 3605 1148 3669 videamur.
1231 3608 1680 3689 objurgationes·
1702 3609 1876 3669 etiam
1907 3627 2313 3691 nonnunquam
2334 3611 2415 3673 in·

2574 1624 2576 1703 l
