2592 4142
859 288 1036 328 usmz
1056 288 1103 330 1.
1185 289 1319 330 cAP.
1347 289 1598 330 mvm.
2168 269 2243 331 4’1

199 419 544 478 muliebrem
583 417 796 476 ducere
836 416 1128 487 debemus,
1158 417 1493 498 dignitatem
1519 418 1753 478 virilem.
1835 410 2082 498 Ergoet
2101 436 2143 501 a
2170 424 2207 477 2

199 510 391 569 forma
434 515 807 568 removeatur
841 508 1024 566 omnis
1063 508 1182 566 viro
1220 528 1335 567 non
1374 508 1581 588 dignus
1620 515 1870 576 ornatus,
1909 516 1972 566 et
2005 507 2139 566 huic

201 599 386 659 simile
400 598 606 659 vitium
632 597 692 656 in
717 604 891 676 gestu
916 604 1189 676 motuque
1217 606 1501 657 caveatur.
1571 599 1725 657 Nam
1752 605 1813 656 et
1839 597 2142 676 palaestrici
2170 604 2206 656 3

198 686 399 748 motlis
425 695 562 748 sunt
587 707 743 766 soepe
764 687 1085 756 odiosioreS,
1107 693 1168 766 et
1192 688 1530 747 histrionum
1552 687 1807 747 nonnulli
1832 695 2031 767 gestus
2057 688 2140 746 in-

201 778 373 857 eptiis
414 798 531 837 non
556 784 798 846 vacant;
853 783 914 835 et
950 777 1021 835 in·
1048 782 1293 855 utroque
1332 797 1546 856 genere
1573 797 1704 855 quae
1730 785 1865 836 sunt
1898 785 2056 836 recta
2082 783 2142 836 et

201 868 483 946 simplicia
504 866 828 927 laudantur.
908 866 1143 925 Formae
1159 874 1355 925 autem
1382 867 1629 946 dignitas
1656 868 1860 926 coloris
1887 869 2141 929 bonitate
2167 872 2205 925 4

201 958 425 1016 tuenda
443 965 566 1026 est3
593 957 750 1015 color
767 956 1258 1016 exercitationibus
1281 957 1549 1035 corporis.
1617 957 1970 1017 Adhibenda
1985 977 2138 1037 prae-
2167 966 2205 1018 5
2281 998 2290 1002 -

201 1055 377 1106 terea·
391 1046 670 1105 munditia
693 1053 784 1105 est
820 1064 935 1105 non
954 1046 1157 1105 odiosa
1181 1065 1372 1125 neque
1398 1047 1679 1125 exquisita
1703 1047 1884 1117 nimis,
1912 1055 2140 1109 tantum

203 1156 343 1215 quoe
379 1137 567 1215 fugiat
603 1142 887 1216 agrestem
923 1142 983 1194 et
1020 1136 1383 1195 inhumanam
1420 1136 1839 1216 negligentiam.
1918 1138 2141 1197 Eadem
2169 1144 2206 1198 6

201 1227 354 1287 ratio
379 1235 471 1286 est
495 1227 761 1286 habenda
785 1226 1026 1285 vestitus
1047 1245 1062 1294 ;
1105 1225 1164 1283 in
1189 1244 1323 1303 quo,
1352 1227 1501 1285 sicut
1538 1227 1598 1286 in
1637 1216 1922 1304 plerisque
1948 1228 2137 1296 rebus,

202 1316 569 1376 mediocritas
594 1315 812 1395 optima
837 1322 943 1396 est.
998 1315 1352 1377 ,Cavendum
1378 1325 1573 1375 autem
1600 1323 1707 1385 est,
1734 1335 1808 1375 ne
1834 1323 1936 1376 aut
1962 1317 2136 1378 tardi-
2167 1317 2204 1379 '1

204 1407 423 1466 tatibus
441 1413 673 1465 utamur
689 1406 749 1463 in
766 1405 1030 1485 ingressu
1053 1405 1417 1474 mollioribuS‚
1447 1412 1515 1464 ut
1531 1414 1884 1485 'pomparum
1909 1406 2139 1467 ferculis

204 1496 417 1555 similes
443 1512 569 1554 esse
596 1495 893 1554 videamur
908 1514 948 1564 ;·
965 1502 1067 1553 aut
1080 1488 1150 1552 in
1173 1496 1628 1556 festinationibus
1653 1498 2029 1576 suscipiamus
2055 1498 2137 1556 ni-

202 1588 355 1646 mias
381 1585 734 1645 celeritates:
777 1603 910 1662 quae
924 1593 1070 1643 ‘cum
1096 1585 1257 1654 fiunt,
1287 1586 1572 1645 anhelitus
1598 1595 1916 1657 moventur,
1944 1589 2140 1647 vultus

202 1683 523 1744 mutantur,
553 1694 653 1734 ora
689 1670 1060 1755 torquentur-3
1101 1694 1174 1733 ex
1199 1676 1407 1753 quibus
1446 1695 1660 1756 magna
1691 1677 2027 1756 significatio
2052 1678 2136 1747 fit,

201 1786 323 1826 non
348 1766 552 1837 adesse
578 1766 968 1824 constantiam.
1050 1764 1169 1824 Sed
1206 1758 1390 1824 multo
1426 1767 1599 1825 etiam
1633 1767 1819 1845 magis
1845 1768 2136 1829 elaboran-
2167 1774 2205 1826 8

204 1857 352 1917 dum
377 1862 486 1925 est,
518 1874 592 1913 ne
627 1854 797 1917 animi
831 1862 1022 1913 motus
1049 1874 1086 1912 a
1111 1861 1317 1913 natura
1340 1855 1647 1935 recedant:
1690 1855 1846 1932 quod
1873 1875 2138 1933 asseque-

203 1966 357 2015 mur,
383 1945 434 2004 si
461 1945 802 2013 cavebimus,
830 1963 905 2003 ne
930 1944 989 2002 in
1017 1936 1474 2022 perturbationes
1501 1951 1674 2022 atque
1701 1945 2141 2005 examinationes

202 2036 540 2103 incidamus,
568 2042 630 2095 et
660 2035 715 2093 si
752 2038 1000 2093 attentos
1040 2033 1258 2094 animos
1293 2033 1370 2090 ad
1410 2033 1630 2092 decoris
1657 2033 2144 2093 conservationem
2179 2030 2184 2039 ’

202 2125 545 2184 tenebimus.
615 2124 814 2184 Motus
841 2129 1036 2181 autem
1061 2123 1380 2182 animorum
1399 2122 1658 2201 duplices
1685 2130 1833 2192 sunt,
1855 2123 2017 2185 alteri
2044 2142 2137 2183 co·
2167 2128 2204 2184 9

202 2215 515 2295 gitationis,
560 2214 727 2273 alteri
777 2212 1088 2293 appetitus
1177 2213 1466 2291 Cogitatio
1510 2215 1569 2271 in
1608 2232 1744 2272 vero
1790 2213 2137 2292 exquirendo

203 2306 454 2367 maxime
468 2311 727 2364 versatur
743 2321 757 2362 τ
785 2302 1077 2381 appetitus
1092 2296 1331 2380 impellit
1347 2304 1422 2362 ad
1438 2305 1772 2383 agendumr
1803 2304 2138 2364 Curandum
2151 2350 2152 2353 η

206 2402 300 2453 est
323 2394 515 2473 igitur,
541 2400 609 2452 ut
634 2393 976 2473 cogitatione
995 2391 1072 2449 ad
1097 2410 1190 2450 res
1216 2411 1390 2469 quam
1416 2394 1661 2473 optimas
1686 2401 1932 2464 utamur,
1960 2414 2140 2474 appe·

205 2485 380 2544 titum
404 2484 607 2543 rationi
632 2483 993 2544 obedientem
1019 2481 1395 2560 praebeamus.

257 2663 594 2722 XXXVII.
635 2663 1018 2742 Etxquoniam
1056 2680 1271 2741 magna
1309 2662 1395 2720 vis
1436 2661 1781 2721 orationis
1821 2668 1927 2731 est,
1957 2681 2139 2741 eaque

208 2752 446 2830 duplex,
469 2753 647 2812 altera
667 2752 1056 2822 contentioniS,
1078 2753 1260 2811 altera
1279 2751 1582 2828 sermonis:
1613 2752 1896 2811 contentio
1917 2752 2139 2832 discep-

207 2843 519 2902 tationibus
558 2843 842 2902 tribuatur
876 2842 1236 2919 judiciorum,
1267 2841 1614 2911 concionum,
1644 2849 1911 2912 senatus3
1953 2862 2141 2903 sermo

206 2931 269 2990 in
285 2932 529 3001 circulis„
551 2931 1044 3010 disputationibuS,
1062 2931 1555 3009 congressionibus
1575 2932 1932 2992 familiarium
1950 2952 2137 2993 verse·-

206 3028 323 3090 tur,
366 3028 637 3099 sequatur
674 3021 848 3079 etiam
891 3020 1160 3079 convivia.
1244 3021 1630 3081 Contentionis
1674 3018 1966 3102 praecepta
2006 3024 2136 3082 rhe·
2164 3027 2202 3082 2

205 3118 403 3171 torum
422 3117 590 3179 sunt;
615 3111 775 3171 nulla
793 3109 1094 3168 sermonis:
1123 3128 1470 3188 quamquam
1489 3112 1647 3170 haud
1674 3113 1791 3170 scio
1818 3131 1892 3169 an
1919 3112 2139 3189 possint

206 3200 338 3259 haec
355 3218 586 3278 quoque
604 3218 746 3259 esse.
790 3242 797 3246 ·
815 3198 934 3257 Sed
955 3199 1292 3265 discentium
1312 3200 1514 3259 studiis
1533 3201 1900 3259 inveniuntur
1926 3188 2137 3276 magis·
2166 3205 2203 3258 3

204 3290 315 3349 tri:
359 3289 495 3347 huic
514 3296 707 3346 autem
729 3289 828 3366 qui
853 3289 1138 3357 studeant,
1162 3297 1300 3346 sunt
1321 3289 1493 3356 nulli;
1533 3289 1828 3346 rhetorum
1854 3289 2025 3346 turba
2049 3307 2137 3346 re-

204 3380 358 3438 ferta
398 3378 602 3437 omnia.
686 3379 1062 3457 Quamquam,
1101 3390 1235 3458 quae
1271 3379 1585 3437 verborum·
1619 3373 2137 3455 sententiarumque

207 3474 505 3547 praecepta
531 3474 682 3536 sunt,
710 3469 913 3526 eadem
939 3470 1015 3528 ad
1043 3486 1361 3531 sermonem
1398 3464 1775 3544 pertinebunt.
1859 3466 1977 3525 Sed
2005 3486 2140 3526 cum
2165 3472 2204 3526 4

207 3556 480 3617 orationis
499 3557 742 3615 indicem
759 3577 958 3616 vocem
977 3559 1291 3618 habeamus
1310 3575 1325 3624 3
1354 3556 1411 3614 in
1429 3575 1569 3615 voce
1589 3562 1781 3614 autem
1795 3554 1918 3614 'duo
1936 3574 2139 3635 sequa-

203 3666 356 3717 mur,
384 3653 455 3706 ut
493 3646 646 3706 clara
680 3647 771 3715 sit,
799 3653 867 3705 ut
893 3649 1117 3708 suavis:
1160 3654 1468 3724 utrumque
1494 3645 1723 3705 omnino
1747 3660 1785 3704 a
1806 3653 2011 3707 natura
2038 3666 2141 3727 pe-
