2592 4142
846 232 1019 272 mna
1044 233 1132 297 ιιι.
1213 233 1350 284 off.
1380 234 1535 276 xm.
2093 205 2207 279 1151

180 379 535 443 quamquam
574 362 652 421 ab
688 360 865 439 impio
895 380 1041 441 rege
1068 362 1288 431 dicitur,
1317 363 1606 422 luculente
1648 369 1865 425 tamen
1878 363 2101 424 dicitur.

178 452 435 512 Addunt
478 451 666 519 etiam,
715 447 1204 554 quemadmodum
1248 447 1352 511 nos
1406 453 1678 522 dicamuS,
1728 453 1906 514 videri
1945 460 2170 533 quae·8

177 541 319 600 dam
344 541 522 610 utilia,
551 559 682 620 quae
722 559 836 600 non
873 541 1015 599 sint.
1058 541 1138 601 sic
1165 561 1227 600 se
1254 521 1461 619 dicere,
1487 542 1665 602 videri
1691 531 1961 624 quaedam
2000 544 2102 602 ho-

175 638 361 700 nesta,
390 651 523 709 quae
563 650 679 689 non
717 631 860 689 sint:
902 638 969 689 ut
994 628 1116 690 hoc
1144 631 1333 709 ipsum
1359 632 1586 694 videtur
1622 632 1941 702 honestum,
1973 652 2105 691 con-

176 719 446 780 servandi
480 720 625 799 juris
663 718 891 798 jurandi
918 739 1090 779 causa
1115 721 1190 779 ad
1218 722 1532 782 cruciatum
1569 717 1884 804 revertisse,
1914 723 2017 782 sed
2042 723 2161 784 fit

174 829 294 869 non
339 809 681 878 honestum3
721 810 870 900 quia,
916 809 1072 887 quod
1112 829 1217 889 per
1254 811 1371 877 vim
1413 812 1664 870 hostium
1703 819 1856 870 esset
1895 818 2104 882 actum,

175 907 373 958 ratum
398 903 524 957 esse'
550 918 663 959 non
690 893 905 976 debuit.
987 898 1236 958 Addunt
1262 900 1451 970 etiam,
1482 901 1749 980 quicquid
1775 901 1942 960 valde
1968 902 2107 961 utile
2136 908 2175 962 9

175 989 269 1058 sit,
320 988 382 1048 id
424 988 544 1047 fieri
585 983 930 1058 honestum,
957 988 1178 1072 etiamsi
1218 997 1388 1048 antea
1424 1009 1540 1049 non
1580 992 1883 1053 videretur.
1964 993 2108 1054 Haec
2139 999 2214 1053 10

176 1079 299 1138 fere
327 1084 525 1137 contra
550 1077 857 1158 Regulum.
939 1077 1060 1154 Sed
1086 1079 1269 1157 prima
1293 1080 1604 1141 videamus.

257 1237 476 1295 XXIX.
507 1236 640 1298 Non
656 1236 765 1294 fuit
777 1236 1049 1315 {Iuppiter
1062 1236 1424 1306 metuendus,
1440 1256 1514 1296 ne
1532 1238 1711 1297 iratus
1725 1235 1986 1299 noceret:
2016 1240 2114 1319 qui

179 1344 364 1405 neque
391 1326 558 1386 irasci
577 1326 739 1395 solet,
756 1345 861 1385 nec
886 1344 1104 1385 nocere.
1188 1328 1338 1387 Haec
1359 1328 1588 1405 quidem
1614 1329 1759 1388 ratio
1784 1347 1899 1389 non
1923 1331 2110 1410 magis
2141 1337 2177 1390 2

180 1424 385 1476 contra
410 1416 637 1496 Reguli,
665 1435 839 1495 quam
867 1423 1063 1475 contra
1089 1436 1257 1477 omne
1288 1415 1397 1496 jus
1409 1418 1719 1496 jurandum
1745 1420 1914 1490 valet.
1996 1420 2113 1480 Sed
2141 1428 2177 1480 3

131 1513 144 1522 “
179 1506 239 1565 in
179 1506 409 1585 injure
445 1505 712 1585 jurando,
740 1525 855 1565 non
895 1506 993 1584 qui
1038 1514 1243 1577 metus,
1271 1508 1377 1566 sed
1416 1528 1546 1587 quae
1570 1510 1656 1568 vis
1698 1509 1789 1580 sit,
1819 1510 1994 1570 debet
2029 1510 2114 1570 in-

180 1596 381 1676 telligi.
463 1596 569 1655 Est
607 1596 757 1655 enim
788 1596 887 1675 jus
921 1596 1234 1676 jurandum
1262 1598 1560 1657 affirmatio
1585 1599 1858 1679 religiosa.
1943 1600 2113 1670 Quod
2142 1605 2181 1658 4

179 1693 382 1745 autem
425 1685 718 1754 affirmate,
759 1685 923 1763 quasi
960 1686 1069 1745 deo
1103 1693 1269 1756 teste,
1327 1688 1664 1766 promiseris,
1704 1689 1765 1748 id
1809 1689 2117 1764 tenendum

180 1784 289 1836 est.
373 1776 509 1836 Jam
535 1775 690 1835 enim
708 1794 823 1834 non
861 1775 990 1833 ad
973 1793 1117 1835 iram
1143 1776 1399 1845 deorum,
1428 1797 1558 1856 quae
1586 1778 1743 1836 nulla
1768 1784 1874 1847 est,
1908 1779 2011 1837 sed
2038 1761 2116 1837 ad

175 1865 462 1947 justitiam
487 1872 548 1924 et
572 1865 649 1923 ad
675 1865 849 1925 fidem
875 1865 1138 1944 pertinet.
1219 1865 1375 1924 Nam
1402 1867 1677 1944 praeclare
1702 1867 1949 1926 Ennius:
2140 1875 2178 1928 5

357 1966 409 2025 0
434 1964 607 2024 Fides
629 1967 801 2035 alma,
827 1974 966 2041 apta
980 1966 1193 2046 pinnqe,
1222 1973 1274 2024 et
1300 1965 1415 2025 Jus
1424 1966 1750 2047 jurandum
1778 1966 1959 2027 Jovie.
1992 2002 2020 2010 υ

183 2078 301 2150 Qui
335 2077 458 2140 'Jus
502 2077 676 2156 igitur
716 2076 1028 2156 jurandum
1066 2077 1257 2147 violat,
1283 2077 1335 2140 is
1377 2078 1581 2137 Fidem
1622 2078 1811 2146 violat,
1842 2097 2015 2158 quam
2060 2077 2118 2137 in

183 2167 474 2248 Capitolio
499 2166 739 2226 vicinam
776 2167 815 2227 J
815 2166 937 2227 ovis
963 2167 1181 2246 Optimi
1225 2167 1477 2237 Maximi,
1506 2175 1575 2227 ut
1617 2168 1678 2228 in
1718 2169 1956 2234 ,Catonis
1995 2187 2118 2229 ora-

183 2245 344 2319 tione
372 2263 479 2326 est,
505 2256 754 2337 majores
780 2257 959 2316 nostri
986 2273 1112 2317 esse
1138 2257 1458 2336 voluerunt.
1566 2317 1573 2324 ,
1796 2285 1801 2288 ⁴

268 2348 361 2408 At
384 2347 534 2407 enim
557 2365 631 2406 ne
655 2346 835 2406 iratus
860 2347 1092 2425 quidem
1107 2345 1147 2408 J
1147 2349 1381 2427 uppiter
1405 2348 1549 2428 plus
1569 2348 1796 2430 Regulo
1821 2349 2121 2419 nocuisset,
2151 2354 2187 2409 6

185 2457 368 2518 quam
394 2437 505 2497 sibi
528 2437 722 2496 nocuit
745 2436 869 2515 ipse
885 2435 1166 2516 Regulus.
1250 2438 1439 2507 Certe,
1469 2439 1517 2497 si
1541 2439 1680 2497 nihil
1704 2439 1921 2505 malum
1948 2445 2117 2508 esset,
2149 2438 2184 2498 ’1

185 2529 298 2588 nisi
324 2527 537 2587 dolere.
620 2527 695 2586 Id
734 2534 928 2586 autem
963 2546 1079 2586 non
1116 2527 1288 2586 modo
1328 2547 1618 2586 summum
1657 2528 1891 2595 malum,
1919 2527 2023 2585 sed
2048 2545 2122 2585 ne

185 2618 410 2679 malum
429 2616 662 2695 quidem
682 2635 825 2686 esse,
847 2615 1095 2675 maxima
1116 2618 1453 2676 auctoritate
1480 2616 1807 2696 philosophi
1825 2616 2121 2676 affirmant.

145 2753 154 2759 -
189 2699 453 2779 Quorum
480 2706 712 2785 quidem
751 2705 961 2766 testem
1002 2726 1119 2765 non
1163 2697 1527 2775 mediocrem,
1556 2706 1659 2765 sed
1697 2706 1856 2766 haud
1893 2705 2011 2765 scio
2049 2725 2124 2764 an
2153 2711 2189 2766 8

187 2797 609 2900 gravissimum,
653 2793 963 2874 Regulum,
1006 2797 1200 2866 nolite,
1248 2815 1469 2874 queem,
1517 2796 1856 2876 vituperare.
1938 2797 2124 2867 Quem
2152 2801 2190 2857 9

190 2886 346 2946 enim
384 2885 813 2964 locupletiorem
839 2887 1169 2963 quaerimuS‚
1212 2891 1387 2965 quam
1426 2887 1738 2966 principem
1777 2887 1975 2966 populi
2014 2887 2132 2947 Ro-

189 2977 367 3045 mani,
397 2976 496 3055 qui
533 2976 811 3034 retinendi
851 2977 1017 3038 officii
1056 2996 1229 3036 causa
1256 2978 1570 3054 cruciatum
1609 2971 1843 3040 subierit
1869 2978 2127 3038 volunta-

191 3067 406 3126 tarium
425 3065 454 3124 ἱ)
535 3065 689 3124 Nam
714 3066 872 3144 quod
899 3066 1074 3134 aiunt,
1096 3065 1332 3126 Minima
1357 3068 1430 3126 de
1455 3068 1653 3136 malis3
1693 3067 1754 3126 id
1781 3076 1887 3136 est,
1915 3073 1984 3125 ut
2010 3073 2128 3125 tur-
2160 3071 2237 3124 10

190 3157 347 3236 piter
372 3154 580 3233 potius,
608 3174 783 3232 quam
811 3155 1170 3215 calamitose:
1213 3175 1286 3214 an
1332 3164 1421 3222 est
1460 3156 1644 3215 ullum
1685 3157 1873 3232 majus
1916 3154 2134 3212 malum

191 3243 551 3323 turpitudine
568 3244 597 3303 ‘2
680 3246 826 3314 Quae
855 3245 903 3303 si
927 3245 985 3303 in
1011 3245 1374 3314 deformitate
1414 3243 1665 3322 corporis
1703 3242 1882 3301 habet
1920 3241 2132 3319 aliquid

192 3333 535 3401 offensionis,
563 3340 776 3411 quanta
802 3334 899 3393 illa
925 3334 1256 3411 depravatio
1283 3340 1345 3392 et
1369 3332 1602 3392 foeditas
1629 3331 1937 3410 turpificati
1962 3330 2132 3389 animi

194 3424 373 3482 debet
399 3422 578 3480 videri
595 3424 634 3481 ‘3-
705 3422 903 3500 Itaque
929 3424 1218 3482 nervosius
1245 3423 1342 3500 qui
1369 3423 1478 3481 ista
1499 3422 1799 3490 disserunt,
1823 3421 2010 3480 solum
2030 3439 2130 3479 au·
2163 3425 2237 3479 11

194 3513 339 3573 dent
363 3512 581 3571 malum
607 3512 794 3572 dicere
822 3514 914 3582 ἱᾱ,ι
929 3512 1086 3592 quod
1111 3519 1282 3590 turpe
1310 3512 1414 3571 sit:
1459 3513 1559 3592 qui
1596 3520 1790 3573 autem
1817 3511 2138 3583 remissius,

193 3602 260 3663 hi
285 3608 481 3662 tamen
505 3619 621 3660 non
645 3602 911 3662 dubitant
935 3619 1223 3660 summum
1249 3603 1466 3662 malum
1492 3602 1694 3663 dicere.
