2592 4142
909 289 1082 331 mna
1109 289 1196 329 111.
1265 288 1413 329 cnr.
1442 288 1500 329 v.
1785 289 1801 304 ··
2132 273 2211 330 91

174 418 326 478 tatio
353 415 578 498 accidit,
603 416 776 496 quale
803 418 878 477 sit
903 417 1083 490 id,‚de
1109 437 1224 495 quo
1251 417 1651 482 consideretur.
1730 415 1905 494 Saepe
1931 416 2107 480 enim-
2138 422 2209 477 11

175 516 445 586 tempore
471 509 553 579 fit,
576 515 660 577 ut,
681 508 837 592 quod
862 514 1031 585 turpe
1057 508 1396 585 plerumque
1420 506 1618 566 haberi
1645 506 1841 575 soleat,
1864 506 2110 568 invenia-

176 606 278 658 tur
315 618 444 659 non
453 615 597 657 ‘esse
636 604 822 676 turpe.
904 597 1168 675 Exempli
1207 609 1383 656 causa
1417 603 1662 674 ponatur
1691 593 1922 673 aliquid,
1951 594 2108 673 quod

178 695 381 767 pateat
398 688 619 746 latius
644 688 813 758 Quod
836 694 1028 765 potest
1046 687 1232 765 majus
1239 675 1378 750 esse
1396 685 1597 754 sceluS,
1616 704 1788 764 quam
1806 704 1920 746 non
1935 685 2109 746 modo
2138 690 2212 745 12
2340 659 2345 664 .

178 778 486 845 hominem,
524 776 628 835 sed
667 777 837 836 etiam
874 777 1208 836 familiarem
1246 776 1530 834 hominem
1569 774 1869 836 occidere?
1950 775 2109 833 Num

177 868 357 946 igitur
393 886 457 925 se
497 866 768 926 astrinxit,
790 866 1020 936 scelere,
1049 865 1098 925 si
1122 866 1223 944 qui
1260 854 1563 943 tyrannum
1596 863 1820 933 decidit,
1851 864 2109 966 quamvis

177 956 560 1015 familiarem?
640 950 866 1033 Populo
905 955 1135 1033 quidem
1181 956 1441 1016 Romano
1479 971 1594 1011 non
1631 952 1873 1021 videtur,
1899 953 1998 1031 qui
2037 972 2108 1012 ex
2138 956 2212 1012 13

179 1046 444 1106 omnibus
472 1045 756 1123 praeclaris
782 1045 949 1112 factis
968 1044 1112 1106 illud
1139 1043 1581 1122 pulcherrimum
1601 1042 1901 1101 existimat.
1956 1042 2112 1102 Vicit

179 1154 330 1213 ergo
349 1134 563 1198 utilitas
588 1135 989 1238 honestatem?
1049 1135 1236 1193 Immo
1254 1151 1390 1192 vero
1410 1133 1767 1191 honestatem
1787 1131 2000 1190 utilitas
2021 1138 2112 1191 est

180 1232 508 1284 consecuta.
679 1234 686 1239 ’

260 1403 490 1479 Itaque,
514 1409 583 1462 ut
609 1402 728 1462 sine
753 1403 874 1461 ιιΠο
905 1419 1096 1462 errore
1121 1401 1434 1480 dijudicare
1466 1400 1777 1479 possimus,
1807 1399 1856 1459 si
1879 1375 2111 1477 quando
2140 1403 2216 1459 14

179 1512 319 1552 cum
342 1493 460 1560 illo,
485 1492 645 1570 quod
683 1493 989 1564 honestum
1025 1492 1423 1569 intelligimus„
1442 1509 1700 1570 pugnare
1724 1490 1784 1549 id
1809 1487 2109 1559 videbitur,

180 1582 344 1660 quod
383 1582 742 1685 appellamus
777 1583 934 1650 utile,
978 1582 1222 1650 formula
1260 1581 1527 1658 quaedam
1566 1580 1963 1640 constituenda
2001 1586 2110 1649 est,
2162 1640 2167 1644 ,

178 1690 360 1749 quam
397 1672 447 1730 si
483 1691 788 1749 sequemur
832 1672 924 1730 in
941 1665 1379 1749 comparatione
1396 1690 1605 1738 rerum,
1631 1671 1708 1729 ab
1746 1668 1928 1728 officio
1966 1687 2109 1727 nun-

178 1779 358 1839 quam
378 1761 730 1821 recedemus.
797 1761 924 1820 Erit
943 1768 1137 1819 autem
1156 1761 1282 1819 haec
1301 1760 1546 1820 formula
1567 1759 1889 1818 Stoicorum
1907 1757 2110 1817 rationi
2138 1762 2213 1817 15

178 1850 607 1928 disciplinaeque
642 1850 887 1909 maxime
927 1858 1349 1921 consentanea:-
1381 1867 1553 1926 quam
1578 1847 1811 1925 quidem
1837 1847 1926 1908 his
1951 1847 2109 1906 libris

177 1948 489 2043 propterea
514 1940 819 2017 sequimur,
841 1939 1022 2017 quod,
1052 1956 1401 2039 quamquam
1427 1944 1517 1995 et
1511 1955 1547 1993 a
1571 1937 1858 1995 veteribus
1884 1935 2111 1996 Acade·

175 2029 338 2096 micis
359 2035 421 2087 et
446 2047 485 2086 a
509 2029 928 2107 Peripateticis
922 2029 1150 2096 vestris,
1164 2027 1262 2105 qui
1278 2026 1593 2104 quondam
1585 2025 1757 2084 iidem
1783 2030 1959 2092 erant,
1981 2042 2109 2102 quoe

177 2120 424 2177 honesta
462 2124 597 2177 sunt
635 2125 1060 2196 anteponuntur
1098 2118 1182 2186 iis,
1209 2135 1343 2194 quae
1381 2115 1646 2202 videntur
1683 2114 1879 2194 utilia3
1919 2120 2112 2182 tamen

178 2207 534 2286 splendidius
561 2207 687 2266 haec
714 2208 789 2267 ab
809 2207 890 2267 eis
911 2207 1280 2274 disseruntur,
1310 2205 1533 2283 quibus,
1561 2198 1600 2282 q
1615 2224 1656 2263 u
1670 2204 1691 2263 i
1707 2224 1739 2263 c
1756 2224 1852 2281 qu
1865 2203 1939 2264 id
1977 2204 2019 2262 h
2037 2222 2108 2262 ο-

177 2304 489 2358 nestum
528 2304 665 2364 est,
705 2297 909 2360 idem
946 2297 1149 2356 utile
1188 2296 1432 2364 videtur,
1474 2314 1612 2356 nec
1652 2294 1855 2354 utile
1893 2294 2109 2372 quic·-

178 2405 433 2464 qmnam
473 2387 676 2464 quod
725 2405 871 2445 non
916 2387 1368 2454 honestum;
1422 2405 1597 2463 quam
1643 2385 1718 2444 ab
1765 2384 1849 2453 iis,
1903 2383 2110 2462 quibus

179 2483 283 2535 aut
309 2476 615 2534 honestum
639 2475 852 2553 aliquid
876 2495 990 2534 non
1012 2476 1169 2544 utile,
1188 2482 1290 2542 aut
1309 2475 1448 2536 utile
1466 2493 1580 2532 non
1598 2463 1919 2532 honestum.
1988 2473 2111 2540 N9-
2139 2476 2213 2531 16

178 2566 270 2624 bis
296 2572 491 2624 autem
516 2561 713 2624 nostra
737 2565 1055 2623 Academia
1078 2583 1348 2643 magnam
1375 2563 1661 2623 licentiam
1673 2562 1807 2631 dat,
1832 2569 1900 2620 ut
1928 2561 2109 2638 quod·

179 2673 409 2731 cunque
433 2654 680 2713 maxime
707 2655 1000 2732 probabile
1026 2660 1305 2728 occurrat,
1335 2653 1395 2712 id
1430 2659 1630 2711 nostro
1649 2651 1782 2730 jure
1815 2651 1997 2711 liceat
2009 2649 2128 2710 de·

180 2743 436 2803 tendere.
519 2743 637 2804 Sed
661 2743 836 2806 redeo
861 2743 938 2812 ad
964 2743 1286 2805 formulam.

258 2921 337 2980 V-.
379 2921 698 2980 Detrahere
722 2921 900 3001 igitur
919 2921 1081 2981 alteri
1106 2920 1337 2999 aliquid,
1367 2927 1427 2979 et
1450 2920 1738 2987 hominem
1763 2919 2044 2980 hominis
2026 2939 2119 2986 m·-

180 3010 489 3070 commodo
528 3019 697 3070 suum
734 3030 946 3090 augere
987 3011 1371 3080 commodum,
1399 3011 1581 3090 magis
1608 3017 1698 3070 est
1722 3018 1920 3076 contra
1944 3016 2110 3069 natu-

178 3119 324 3167 ram,
353 3118 529 3177 quam
552 3119 723 3168 mors,
746 3119 932 3178 quam
946 3110 1270 3202 paupertas,
1293 3119 1468 3178 quam
1495 3100 1674 3169 dolor,
1703 3119 1877 3178 quam
1903 3106 2110 3168 cetera,
2167 3135 2175 3146 ›

179 3207 313 3267 quae
339 3195 580 3291 possunt
608 3196 711 3248 aut
747 3190 970 3267 corpori
996 3190 1252 3262 accidere
1278 3196 1382 3248 aut
1406 3190 1579 3248 rebus
1607 3189 1870 3247 externis.
1951 3187 2011 3246 N
2011 3205 2107 3248 am
2136 3192 2172 3248 2

180 3277 461 3355 principio
475 3278 625 3348 tollit
644 3278 962 3344 convictum
980 3279 1293 3337 humanum
1313 3285 1373 3336 et
1392 3278 1736 3336 societatem.
1779 3276 1842 3335 Si
1861 3276 2010 3338 enim
2028 3276 2110 3335 sic

179 3367 393 3424 erimus
431 3366 638 3434 affecti,
669 3374 737 3428 ut
753 3357 758 3362 ⁴
776 3374 1012 3445 propter
1045 3386 1215 3425 suum
1241 3367 1482 3444 quisque
1508 3364 1952 3426 emolumentum
1978 3383 2110 3442 spo-

178 3454 280 3513 liet
297 3461 404 3513 aut
423 3455 597 3514 violet
616 3456 877 3524 alterum,
901 3457 1151 3535 dirumpi
1175 3474 1410 3514 necesse
1436 3461 1526 3513 est
1551 3473 1696 3522 eam,
1718 3473 1850 3532 quae
1867 3454 2111 3513 maxime

179 3551 274 3603 est
307 3544 626 3604 secundum
662 3553 944 3614 naturam,
973 3545 1207 3604 humani
1243 3545 1469 3623 generis
1506 3543 1852 3604 societatem.
1932 3542 2032 3612 Ut,
2061 3542 2111 3603 si
2136 3549 2173 3603 8

178 3632 633 3714 unumquodque
655 3635 979 3696 membrum
1002 3652 1233 3730 sensum
1255 3635 1411 3694 hunc
1437 3634 1695 3705 haberet.
1713 3639 1782 3696 ut
1804 3649 1976 3714 posse
2000 3652 2110 3714 pu·
