2592 4142
895 275 1071 317 mnu
1092 276 1133 317 1.
1215 266 1352 317 c‘AP.
1379 274 1586 317 xxxm.
2171 257 2250 316 48

206 403 511 484 quoddam
552 403 877 467 institutum
920 412 1376 484 consequantur:
1424 392 1798 489 maximeque·
1816 404 1876 465 in
1911 423 1986 477 eo
2023 403 2143 483 ple-

205 514 456 573 rumque
481 495 780 555 elaborant
804 493 859 563 ii,
887 495 988 574 qui
1012 512 1224 573 magna
1249 495 1356 554 sibi
1381 501 1734 575 proponunt,
1754 493 2011 553 obscuris
2036 493 2147 554 orti

206 584 542 663 majoribus.
623 581 769 643 Haec
807 584 982 664 igitur
1011 585 1214 653 omnia,
1244 605 1378 647 cum
1404 586 1728 663 quaerimus,
1757 583 1897 662 quid
1921 583 2142 653 doceat,
2174 582 2209 643 ’1

207 674 518 754 complecti
543 673 730 732 animo
754 681 817 732 et
842 674 1182 754 cogitatione
1206 675 1501 737 debemus.

200 770 205 775 ’
288 764 365 823 In
402 764 598 843 primis
637 769 833 823 autem
874 765 1336 825 constituendum
1374 771 1479 834 est,
1521 784 1667 844 quos
1706 781 1812 824 nos
1847 772 1909 824 et
1946 764 2145 843 quales
2171 770 2209 824 8

206 872 337 913 esse
376 854 633 924 velimus,
676 861 739 913 et
781 854 840 913 in
877 870 993 934 quo
1037 873 1248 932 genere
1285 855 1421 914 vitae
1441 873 1458 913 ι
1481 902 1488 909 .
1513 872 1645 935 quae
1683 854 2012 917 deliberatio
2054 860 2146 912 est‘

207 943 481 1007 omnium
514 943 857 1004 difficillima.
938 945 1181 1004 Ineunte
1229 944 1380 1017 enim
1425 941 1821 1013 adolescentia,
1871 963 2004 1005 cum
2050 953 2144 1005 est
2171 949 2208 1003 9

92 1082 97 1085 .
204 1033 459 1091 maxima
493 1032 848 1093 imbecillitas
886 1033 1117 1103 consilii,
1145 1040 1273 1092 tum
1299 1034 1359 1092 id
1386 1034 1494 1093 sibi
1519 1033 1760 1112 quisque
1796 1052 1979 1112 genus
2006 1039 2142 1093 aeta-

209 1124 284 1181 tis
308 1122 603 1202 degendae
620 1123 927 1192 constituit,
949 1123 1107 1203 quod
1131 1124 1378 1183 maxime
1404 1123 1710 1183 adamavit.
1779 1123 1986 1201 Itaque
2011 1130 2146 1182 ante

205 1212 535 1291 implicatur
574 1212 765 1291 aliquo
809 1219 981 1272 certo
1010 1231 1220 1291 genere
1260 1231 1546 1291 cursuque
1571 1212 1812 1281 vivendi,
1841 1231 2016 1290 quam
2041 1230 2143 1290 po·
2201 1244 2208 1251 ·

205 1302 339 1370 tuit,
368 1302 526 1380 quod
565 1303 845 1381 optimum
884 1310 1054 1372 esset,
1089 1301 1365 1381 Judicare.
1443 1303 1507 1363 N
1506 1320 1601 1361 am
1635 1302 1795 1381 quod
1833 1302 2141 1391 Herculem
2173 1307 2249 1362 10

204 1392 538 1452 Prodicium
574 1392 774 1453 dicunt
803 1390 895 1472 (ut
920 1399 1011 1451 est
1036 1393 1195 1472 apud
1231 1390 1698 1472 Xenophontem)
1726 1411 1860 1451 cum
1897 1386 2144 1470 primum

205 1482 552 1585 pubesceret
599 1480 782 1562 (quod
826 1488 1057 1560 tempus
1103 1501 1157 1540 a
1176 1489 1383 1542 natura
1419 1482 1497 1542 ad
1542 1482 1928 1563 deligendum,
1968 1501 2143 1560 quam

207 1572 452 1649 quisque
490 1572 641 1631 viam
674 1572 902 1630 vivendi
940 1572 1015 1631 sit
1050 1572 1429 1651 ingressurus,
1469 1572 1670 1631 datum
1709 1571 1823 1653 est)
1864 1572 2101 1632 exisse
2083 1592 2144 1635 ιιι

206 1661 590 1730 solitudinem,
619 1667 795 1739 atque
840 1661 920 1721 ibi
958 1661 1251 1723 sedentem
1281 1663 1384 1721 diu
1418 1681 1615 1721 secum
1651 1663 2009 1741 multumque
2035 1661 2144 1722 du-

205 1751 444 1821 bitasse,
474 1768 607 1811 cum
649 1751 815 1810 duas,
838 1758 1094 1811 cerneret
1135 1751 1274 1821 vias,
1316 1770 1490 1810 unam
1527 1751 1878 1829 Voluptatis,
1907 1753 2145 1811 alteram

205 1841 474 1911 Virtutis,
501 1848 690 1899 utram
712 1840 934 1921 inmdi
958 1841 1161 1900 melius
1188 1847 1378 1910 esset;
1417 1840 1529 1901 hoc
1556 1841 1808 1909 Herculi,
1827 1841 1867 1900 J
1867 1842 1987 1900 ovis
2013 1848 2145 1903 satu
2172 1848 2243 1901 11

206 1931 384 2000 edito,
427 1931 617 2010 potuit
655 1931 897 1990 fortasse
939 1931 1301 2013 contingere
1287 1949 1302 1962 ·
1347 1931 1513 1989 nobis
1549 1930 1664 1989 non
1701 1930 1857 1999 item,
1885 1931 1985 2009 qui
2021 1931 2143 1989 imi-

205 2028 419 2090 tamur,
452 2039 598 2099 quos
637 2020 841 2098 cuique
867 2019 1053 2079 visum
1079 2027 1185 2089 est,
1214 2026 1390 2098 atque
1427 2019 1503 2079 ad
1542 2037 1743 2101 eorum
1774 2019 1965 2078 studia
1988 2018 2143 2078 insti·

204 2119 461 2190 tutaque
476 2111 849 2190 impellimur-3
889 2110 1225 2189 plerumque
1250 2117 1463 2179 autem,
1493 2094 1808 2190 parentum
1836 2110 2142 2189 praeceptis
2173 2115 2247 2169 12

204 2201 434 2270 imbuti,
454 2201 531 2260 ad
556 2219 753 2260 eorum
773 2194 1240 2260 consuetudinem
1258 2219 1591 2279 moremque
1612 2200 1961 2261 deducimur.
2022 2199 2146 2260 Alii

204 2290 588 2396 multitudinis
622 2290 840 2369 judicio
875 2290 1153 2359 feruntur,
1181 2309 1426 2370 quaeque
1451 2291 1655 2370 majori
1693 2291 1843 2370 parti
1877 2290 2139 2370 pulcher-

120 2393 129 2403 ·
205 2380 661 2450 rnnavidentur,
689 2398 759 2440 ea
782 2380 1033 2439 maxime
1055 2387 1276 2459 optant.
1357 2381 1632 2441 Nonnulli
1656 2387 1850 2443 tamen
1875 2381 1992 2441 sive
2017 2381 2139 2440 feli·
2171 2385 2245 2440 13

207 2472 384 2531 citato
404 2470 690 2548 quadam,
732 2469 853 2529 sive
897 2469 1154 2532 bonitate
1198 2476 1436 2540 naturae,
1478 2471 1596 2531 sive
1635 2477 1938 2548 parentum
1976 2470 2141 2530 disci-

206 2561 385 2639 plina,
411 2567 633 2647 rectam
653 2559 788 2619 vitae
823 2559 1006 2619 secuti
1031 2565 1166 2620 sunt
1189 2559 1358 2620 viam.
1436 2559 1719 2618 XXXIII.
1763 2559 1918 2619 Illud
1945 2565 2139 2621 autem

205 2651 451 2709 maxime
465 2666 663 2708 rarum
677 2666 858 2729 genus
870 2655 959 2708 est
973 2667 1188 2717 eorum,
1203 2648 1303 2726 qui
1316 2653 1418 2707 aut
1433 2648 1743 2708 exeellente
1756 2647 1965 2727 ingenii
1978 2666 2139 2728 mag-

206 2739 483 2808 nitudine,
505 2744 607 2798 aut
633 2738 909 2817 praeclara
933 2737 1248 2805 eruditione
1274 2744 1451 2815 atque
1477 2737 1878 2813 docta-ina‚.aut
1894 2745 2142 2817 utraque

205 2848 270 2888 re
316 2828 516 2897 ornati,
560 2828 808 2906 spatium
848 2828 1021 2886 etiam
1062 2824 1413 2887 deliberandi
1459 2828 1799 2900 habuerunt,
1826 2847 1999 2907 quem
2035 2848 2137 2908 po-

206 2918 493 2978 tissimum
515 2918 649 2977 vitae
674 2936 906 2977 cursum
940 2917 1103 2997 sequi
1126 2917 1369 2978 vellent:
1409 2917 1470 2978 in
1495 2936 1611 2997 qua
1635 2917 2036 2979 deliberatione
2060 2919 2138 2979 ad
2164 2925 2201 2978 2

205 3027 374 3068 suam
422 3008 699 3110 cujusque
743 3013 1005 3066 naturam
1050 3008 1344 3067 consilium
1390 3014 1483 3067 est
1527 3027 1696 3068 omne
1733 3000 2134 3069 revocandum.

205 3088 366 3157 Nam
418 3116 555 3157 cum
601 3097 662 3155 in
707 3096 986 3166 omnibus,
1034 3115 1168 3175 quse
1217 3104 1487 3177 aguntur,
1536 3117 1610 3171 ex
1660 3117 1747 3168 eo,
1794 3117 1910 3177 quo
1962 3097 2137 3157 modo
2163 3103 2200 3157 8

202 3188 450 3267 quisque
486 3193 656 3246 natus
694 3192 786 3245 est
821 3184 915 3267 (ιιι
915 3205 1118 3336 suffia
1142 3186 1361 3249 dictum
1388 3186 1501 3267 est)
1529 3188 1670 3265 quid
1696 3188 1915 3256 deceat,
1942 3187 2136 3264 exqui-

202 3277 423 3345 rimus;
461 3282 588 3335 tum
626 3275 687 3334 in
726 3281 850 3335 tota
876 3266 995 3334 rita
1088 3276 1433 3345 nstituenda,
1462 3277 1647 3337 multo
1669 3282 1764 3335 est
1789 3294 1929 3339 cura
1952 3276 2139 3354 major

203 3364 551 3435 adhibenda,
590 3371 659 3424 ut
703 3371 964 3424 constare
1000 3366 1060 3425 in
1095 3366 1231 3426 vitae
1276 3364 1660 3444 perpetuitate
1705 3365 1989 3444 possimus
2033 3383 2135 3423 no·

201 3454 468 3515 hiemet
452 3454 609 3533 ipsis,
634 3473 741 3513 nec
774 3454 837 3513 in
859 3455 979 3514 ullo
1005 3456 1188 3515 officio
1200 3454 1552 3514 claudicare.
1633 3453 1736 3514 Ad
1762 3456 1911 3514 hanc
1937 3461 2133 3515 autem
2161 3460 2201 3516 4

200 3544 483 3603 rationem
518 3544 784 3622 quoniam
822 3544 1131 3604 maximam
1155 3545 1272 3605 vim
1295 3550 1504 3605 natura
1528 3545 1721 3614 habet,
1733 3545 1978 3605 fortuna
2001 3564 2133 3624 pro·

200 3631 451 3704 ἐπιδ-ως
489 3634 784 3713 utr'msque
810 3632 1037 3695 omnino
1061 3633 1328 3697 habenda
1346 3632 1491 3695 ratio
1510 3642 1600 3694 est
1622 3634 1683 3696 in
1708 3634 2010 3716 deligendo
2031 3653 2134 3716 ge·
