2592 4142
375 255 475 314 ,06
1189 263 1311 330 ⁷¹²³.
1333 264 1589 308 omens
1638 314 1645 318 ,

498 395 805 462 honestum
832 396 920 466 sit,
937 395 1009 458 jd
1035 413 1161 453 esse
1199 401 1311 452 aut
1320 394 1512 466 'solum
1538 401 1640 452 aut
1656 411 1951 452 summum
1978 394 2194 453 bonum
2208 413 2225 453 ¹:
2256 395 2432 472 ⁸quod

499 494 693 545 autem
726 492 949 553 oonum‘,
976 485 1036 542 id
1062 491 1217 542 certe
1242 484 1414 547 utile:
1444 484 1524 541 ita
1548 483 1817 561 quicquid
1844 484 2166 553 honestum,
2184 485 2244 542 id
2271 485 2425 553 utile.
2540 529 2541 566 ἒ

431 581 472 635 4
503 577 693 647 Quare
720 595 875 634 error
898 574 1194 644 hominum·
1216 592 1330 632 non
1357 574 1683 650 proborum,
1702 592 1834 630 cum
1854 573 2085 650 aliquid,
2106 574 2264 650 quod
2292 575 2427 633 utile
2540 629 2541 664 ᾖ

432 675 468 727 5
497 667 680 724 visum
720 673 830 733 est,
857 664 1108 741 arripuit,
1136 663 1197 721 id
1237 663 1504 721 continuo
1540 663 1783 720 secernit
1825 663 1897 720 ab
1942 664 2196 738 honesto.
2278 664 2427 744 Hinc

496 756 650 823 sicae,
669 755 796 813 hinc
813 745 1046 824 venena,
1064 753 1194 810 hinc
1214 752 1361 809 falsa
1381 759 1724 824 testamenta
1741 759 2075 810 nascuntur:
2107 752 2238 809 hinc
2256 753 2424 822 furta,
2540 747 2541 766 ³

496 845 813 923 peculatus.
842 841 1210 921 expilationes
1250 827 1715 919 direptionesque
1753 841 2033 899 sociorum
2073 848 2136 899 et
2183 841 2424 912 civium}
2540 909 2541 918 χ

494 934 625 993 hinc
651 953 827 1011 opum
853 932 1150 990 nimiarum
1177 921 1448 1008 potentiae
1476 949 1591 1010 non
1614 930 1901 997 ‘ferendae3
1939 936 2228 1008 postremo
2255 932 2425 990 etiam

430 1047 436 1052 ·
492 1022 551 1082 in
574 1023 763 1082 liberis
789 1021 1111 1108 civitatibus
1136 1019 1414 1099 regnandi
1439 1020 1688 1108 existunt
1714 1011 2075 1097 cupiditates,
2104 1020 2315 1097 quibus
2342 1021 2423 1078 ni-
2540 1059 2541 1092 ᾗ

428 1118 465 1173 6
493 1113 575 1171 hil
600 1132 705 1173 nec
731 1112 968 1179 taetrius,
996 1129 1102 1188 nec
1127 1110 1340 1169 foedius
1381 1109 1690 1187 excogitari
1730 1116 1939 1187 potest.
2021 1110 2423 1184 Emolumenta
2540 1185 2541 1214 ÷

492 1203 643 1262 enim
668 1219 858 1261 rerum
896 1200 1195 1274 fallacibus
1227 1196 1455 1276 judiciis
1483 1198 1709 1284 vident:
1753 1217 2004 1276 poenam,
2032 1217 2147 1264 non
2184 1198 2318 1258 dico
2344 1199 2423 1257 le·

490 1312 648 1370 gum,
678 1309 853 1372 quam
890 1299 1052 1367 saepe
1096 1294 1493 1366 perrumpunt,
1523 1286 1627 1354 sed
1658 1287 1840 1364 ipsius
1881 1287 2266 1366 turpitudini&
2295 1287 2424 1366 qu‘ae

426 1380 462 1442 ⁷
491 1379 850 1439 acerbissima
874 1385 981 1446 est,
1011 1396 1126 1435 non
1153 1377 1369 1436 vident.
1453 1373 1838 1447 Quamobrem
1877 1376 1988 1435 hoc
2022 1376 2257 1455 quidem
2284 1378 2421 1437 deli-

488 1468 806 1528 berantium
841 1484 1035 1546 genus
1078 1465 1328 1544 peliatur
1353 1484 1387 1523 e
1413 1466 1603 1534 medio
1632 1464 1747 1545 (est
1784 1465 1935 1524 enim
1966 1473 2161 1532 totum?
2182 1467 2420 1525 scelera-

487 1565 614 1616 tum
655 1564 716 1615 et
756 1555 1019 1634 impium)
1060 1555 1159 1633 qui
1198 1555 1534 1624 deliberant,
1562 1563 1759 1613 utrum
1803 1551 1868 1613 id'
1902 1556 2422 1633 seqmntur,1quod

397 1690 402 1695 .
486 1647 790 1705 honestum
807 1663 935 1703 esse
953 1644 1199 1712 videant,
1218 1662 1292 1708 an
1312 1663 1374 1703 se
1395 1644 1636 1703 scientes
1662 1645 1874 1704 scelere
1895 1644 2294 1704 contaminent.
2353 1646 2422 1703 In
2540 1637 2541 1698 ἶ

485 1736 610 1820 ipsa
636 1735 785 1794 enim
811 1734 1165 1796 dubitatione
1204 1733 1427 1794 facinus
1450 1733 1616 1803 inest,
1645 1735 1864 1798 etiamsi
1890 1734 1967 1798 ad
1993 1733 2205 1797 idnon
2221 1752 2420 1812 perve-

422 1831 459 1886 8
486 1825 684 1883 nerint.
765 1825 925 1903 Ergo
951 1842 1021 1881 ea
1046 1823 1415 1883 deliberanda
1442 1823 1668 1882 omnino
1693 1806 1809 1882 no'n
1832 1819 1981 1893 sunt}
2007 1823 2069 1882 in
2096 1823 2307 1901 quibus
2332 1829 2421 1884 est

487 1915 674 1992 turpis
701 1914 829 1991 ipsa
856 1913 1206 1982 deliberatio,
2007 1970 2016 1978 ,
2294 1939 2311 1960 ·-

421 2011 458 2064 9
565 2004 761 2082 Atque
804 2003 975 2064 etiam
1021 2021 1092 2068 ex
1131 2002 1288 2084 omni·
1324 2002 1725 2062 deliberatione
1765 2001 1985 2062 celandi
2011 2007 2072 2059 et
2086 1995 2418 2060 occultandi
2539 2029 2541 2040 <

485 2112 619 2173 spes
663 2092 962 2170 opinioque
1003 2091 1348 2151 removenda
1391 2097 1496 2160 est.
1580 2091 1734 2150 Satis
1775 2091 1924 2149 enim
1948 2091 2129 2157 nobis,
2159 2091 2209 2149 si
2245 2091 2418 2150 modo

485 2184 544 2241 in
571 2180 933 2261 philosophia
969 2180 1186 2258 aliquid
1222 2179 1579 2258 profecimus,
1613 2199 1944 2258 persuasum
1985 2198 2110 2239 esse
2149 2179 2343 2249 debet,
2370 2180 2417 2238 si

485 2289 681 2329 omnes
720 2268 859 2328 deos
886 2269 1258 2345 hominesque
1294 2268 1479 2328 celare
1508 2270 1815 2347 possimus,
1842 2269 1982 2327 nihil
2007 2276 2200 2327 tamen
2225 2283 2417 2338 avare,

484 2358 625 2418 nihil
649 2358 877 2437 injuste,
905 2357 1045 2415 nihil
1070 2357 1383 2426 libidinose,
1410 2358 1551 2418 nihil
1589 2359 1998 2418 incontinenter
2037 2376 2163 2416 esse
2204 2357 2415 2416 facien·

486 2448 643 2507 dum.
726 2447 829 2506 IX.
872 2446 1020 2505 Hinc
1059 2446 1157 2504 ille
1199 2446 1399 2549 G'yges
1439 2441 1729 2506 inducitur
1751 2466 1797 2504 a
1812 2447 2054 2506 Platone
2072 2464 2103 2514 :⁴
2129 2446 2249 2523 qui,
2280 2465 2417 2534 cum

483 2545 636 2598 terra
680 2535 1031 2595 discessisset
1069 2554 1291 2615 magnis
1330 2536 1672 2614 quibusdam
1713 2536 2006 2604 imbribuS,
2037 2535 2335 2594 descendit
2357 2535 2417 2594 in

482 2628 642 2687 illum
678 2627 915 2695 hiatum,
945 2643 1275 2703 aeneumque
1305 2643 1532 2703 equum,
1560 2632 1629 2684 ut
1661 2626 1859 2701 ,ferunt
1898 2624 2129 2691 fabulae,
2159 2624 2415 2683 animad-

469 2703 667 2783 ‘vertit,
698 2716 861 2793 cujus
888 2715 946 2771 in
971 2714 1241 2774 lateribus
1267 2714 1418 2772 fores
1447 2721 1672 2779 essent:
1715 2714 1921 2792 quibus
1961 2713 2175 2792 apertis
2201 2732 2414 2791 corpus

481 2803 723 2862 hominis
748 2802 960 2860 mortui
984 2802 1125 2861 vidit
1145 2803 1539 2881 magnitudine
1564 2804 1848 2871 inusitata,
1869 2802 2219 2879 anulumque
2246 2820 2413 2861 aure-

482 2909 583 2952 um
609 2892 666 2949 in
692 2890 906 2968 digito:
948 2909 1120 2967 quem
1158 2897 1226 2948 ut
1266 2890 1528 2960 detraxit,
1558 2893 1681 2972 ipse
1706 2891 1892 2950 induit
1921 2889 2071 2970 (erat
2097 2898 2298 2950 autem
2325 2909 2413 2949 re·

418 2989 455 3042 2
484 2982 611 3061 gius
640 2977 859 3058 pastor)
888 2986 1013 3053 tum
1037 2979 1097 3040 in
1124 2980 1423 3051 coneilium
1449 3001 1511 3039 se
1539 2987 1832 3060 pastorum
1858 2980 2089 3058 recepit,
2159 2980 2253 3040 Ibi
2280 3000 2414 3040 cum

403 3071 414 3077 ”
481 3071 674 3150 palam
715 3069 841 3148 ejus
883 3069 1035 3128 anuli
1061 3069 1135 3127 ad
1162 3069 1414 3146 palmam
1441 3065 1812 3138 converterat,
1840 3089 1877 3127 a
1896 3070 2067 3148 nullo·
2088 3069 2408 3140 videbatur,

478 3161 603 3242 ipse
645 3165 840 3217 autem
876 3156 1064 3216 omnia
1088 3158 1338 3218 videbat.
1408 3159 1587 3236 „Idem
1625 3178 1822 3221 rursus
1847 3158 2165 3225 videbatur,
2180 3154 2327 3217 ‚cu'm
2352 3159 2413 3234 in

365 3319 368 3328 1
415 3256 452 3309 3
480 3249 668 3324 locum
711 3247 945 3305 anulum
985 3247 1309 3318 inverterat.
1391 3249 1597 3326 Itaque
1638 3249 1747 3307 hac
1790 3246 2217 3326 opportunitate
2252 3247 2412 3306 anuli

477 3355 633 3405 nsua,
669 3337 880 3415 reginae
919 3344 1183 3414 stuprum
1221 3337 1427 3406 intulit,
1470 3341 1651 3415 eaque
1688 3337 1967 3415 adjutrice
2005 3353 2203 3414 regem
2230 3334 2411 3394 domi·

477 3446 618 3486 num
643 3419 939 3494 interemit,
965 3425 1204 3510 sustulit
1217 3437 1375 3503 ‚quos
1396 3427 1622 3485 obstare
1650 3427 2062 3485 arbitrabatur:
2103 3437 2212 3482 nec
2232 3423 2299 3500 ι111
2322 3424 2412 3482 his

480 3534 612 3578 eum
638 3514 976 3571 facinoribus
1015 3507 1333 3594 quis'ciuaffi
1354 3511 1540 3592 p'otuit
1565 3515 1779 3576 videre.
1828 3514 1958 3594 „Sic
1994 3519 2231 3592 repente
2258 3513 2416 3572 anuli

414 3605 456 3663 4
479 3602 753 3662 beneficio
777 3617 884 3676 rex
903 3609 1135 3662 exortus
1159 3609 1249 3682 est
1274 3604 1499 3685 Lydiae.
1561 3604 1733 3666 Hunc
1756 3604 1932 3683 igitur
1955 3603 2145 3682 ipsum
2172 3601 2413 3666 anulum
