2592 4142
236 218 319 274 86
614 196 623 206 ’
682 210 691 219 ’
944 230 951 239 “’
1069 230 1146 270 nn
1187 228 1445 271 ornans

275 367 312 420 2
340 359 833 440 perturbationum
858 346 1046 428 animi,
1075 365 1136 418 et
1161 377 1356 418 rerum
1393 355 1602 416 modiis
1639 356 1907 439 cernitur.
1989 356 2122 416 Hoc
2150 356 2286 416 loco

341 451 669 513 continetur
695 451 773 520 id,
801 449 960 530 quod
985 449 1098 509 dici
1136 449 1340 531 Latine
1379 448 1470 507 de
1487 468 1519 507 c
1537 466 1752 507 orum
1793 454 2023 526 potest:
2068 447 2284 507 Graece

339 541 490 601 enim
531 545 724 623 wgeaeov
768 536 992 601 dicitur.
1076 538 1270 617 Hujus
1295 538 1382 597 vis
1421 556 1492 596 ea
1529 544 1635 606 est,
1664 543 1734 597 ut
1772 537 1847 597 ab
1882 537 2125 597 honesto
2163 555 2285 596 non
2324 582 2332 587 .

337 638 514 709 queat
540 630 807 710 separari.
875 630 1030 688 Nam
1056 636 1118 688 et
1142 628 1301 706 quod
1327 627 1514 697 decet,
1541 627 1849 687 honestum
1876 634 1999 696 est3
2036 633 2104 691 et,
2122 625 2283 706 quod

274 726 311 779 8
338 720 644 785 honestum
684 726 790 789 est,
831 718 1037 780 decet·
1097 718 1296 788 Qualis
1339 725 1535 777 autem
1576 717 1894 798 differentia
1932 718 2010 776 sit
2054 717 2288 776 honesti

337 816 400 868 et
425 810 633 879 decori,
660 809 880 870 facilius
905 807 1158 888 intelligi,
1186 826 1362 887 quam
1387 806 1678 887 explanari
1703 812 1911 886 potest:
1994 804 2283 886 Quicquid

340 906 432 958 est
468 900 637 969 enim,
668 899 828 978 quod
866 898 1090 969 deceat,
1116 898 1177 957 id
1203 898 1332 958 tuin
1370 904 1629 977 apparet,
1660 917 1794 956 cum
1832 904 2165 976 antegressa
2190 904 2284 956 est

273 992 312 1047 4
339 990 626 1054 honestas.
706 989 914 1068 Itaque
939 1006 1056 1048 non
1080 989 1269 1048 solum
1294 988 1355 1048 in
1378 982 1490 1046 hac
1517 993 1681 1066 parte
1711 987 2042 1055 honestatis,
2063 986 2138 1046 de
2165 1005 2283 1064 qua

337 1077 450 1138 hoc
487 1080 617 1147 loco
655 1077 1049 1141 disserendum
1087 1085 1197 1153 est,
1226 1077 1333 1137 sed
1371 1076 1548 1136 etiam
1569 1077 1629 1136 in
1653 1076 1838 1136 tribus
1875 1075 2281 1155 superioribus,

274 1176 312 1229 5
340 1168 479 1247 quid
518 1169 741 1238 deceat,
783 1175 1043 1251 apparet.
1124 1168 1187 1228 N
1186 1188 1281 1228 am
1322 1174 1385 1226 et
1423 1166 1657 1227 ratione·
1679 1167 1765 1226 uti
1808 1172 1984 1245 atque
2026 1166 2281 1226 oratione

340 1257 669 1338 prudenter,
699 1266 760 1319 et
783 1277 973 1338 agere,
1003 1258 1162 1337 quod
1204 1276 1366 1337 agas,
1395 1257 1769 1327 considerate,
1797 1257 2061 1335 omnique
2097 1256 2159 1315 in
2198 1274 2281 1326 re,

340 1347 478 1426 quid
514 1349 589 1407 sit
616 1348 750 1417 veri,
779 1348 973 1407 videre
1011 1354 1074 1406 et
1110 1347 1260 1406 tueri
1301 1347 1502 1408 decet:
1545 1355 1859 1425 contraque
1893 1346 2031 1416 falli,
2072 1363 2281 1414 errare,

340 1436 475 1506 labi,
493 1436 681 1515 decipi
703 1443 824 1495 tam
851 1436 1113 1506 dedecet,
1131 1454 1307 1515 quam
1324 1436 1567 1499 delirare
1586 1443 1647 1496 et
1665 1443 1859 1496 mente
1878 1455 2003 1499 esse
2025 1443 2280 1516 captum.

277 1531 315 1585 6
341 1525 422 1584 Ει
460 1524 621 1604 justa
658 1525 847 1584 omnia
886 1526 1099 1587 decora
1136 1533 1305 1596 sunt;
1344 1525 1559 1607 injusta
1594 1533 1813 1595 contra,
1854 1533 1924 1585 ut
1960 1526 2171 1605 turpia,
2200 1525 2283 1584 sic

342 1613 626 1675 indecora.
706 1614 916 1674 Similis
940 1622 1031 1677 est
1055 1616 1199 1676 ratio
1233 1615 1598 1687 fortitudinis.
1681 1616 1853 1687 Quod
1877 1616 2026 1675 enim
2053 1615 2286 1675 viriliter

343 1703 646 1785 animoque
683 1710 895 1784 magno
933 1706 1015 1775 fit,
1055 1706 1117 1766 id
1157 1705 1399 1786 dignum
1436 1706 1558 1765 viro
1601 1712 1663 1765 et
1704 1706 1978 1773 decorum
2018 1705 2281 1765 videtur:

280 1791 317 1854 ’1
346 1793 503 1872 quod
545 1800 760 1861 contra,
802 1794 864 1853 id
906 1803 974 1856 ut
1011 1803 1200 1875 turpe,
1245 1795 1327 1855 sic
1371 1795 1720 1855 indecorum.
1803 1798 2004 1868 Quare
2035 1795 2285 1875 pertinet

346 1882 579 1962 quidem
604 1881 681 1941 ad
706 1899 935 1943 omnem
958 1885 1320 1946 honestatem
1355 1886 1486 1955 hoc,
1515 1886 1674 1965 quod
1700 1885 1846 1955 dico,
1874 1884 2182 1947 decorum:
2224 1891 2288 1945 et

345 1972 428 2032 ita
451 1973 716 2052 pertinet,
743 1979 812 2031 ut
836 1991 952 2031 non
986 1975 1283 2036 mondita
1325 1975 1577 2054 quadam
1614 1974 1832 2037 ratione
1869 1982 2149 2044 cernatur,
2181 1974 2285 2034 sed

284 2068 322 2125 8
351 2064 426 2122 sit
462 2063 522 2122 in
556 2069 850 2145 promptu.
932 2062 1041 2121 Est
1085 2066 1234 2125 enim
1280 2065 1576 2144 quiddam,
1623 2065 1800 2143 idque
1845 2065 2179 2145 intelligitur
2226 2064 2287 2123 in

350 2153 503 2215 omni
526 2152 754 2219 virtute,
781 2150 941 2229 quod
956 2150 1206 2219 ,deceatz
1249 2155 1406 2229 quod
1429 2155 1776 2234 cogitatione
1802 2155 1996 2234 magis·
2013 2174 2050 2214 a
2073 2155 2285 2214 virtute

286 2247 324 2303 9
352 2245 546 2320 potest
569 2258 745 2319 quain
770 2258 833 2297 re
859 2239 1126 2317 separari.
1208 2238 1296 2301 Ut
1320 2251 1589 2303 venustas
1610 2250 1671 2303 et
1695 2245 2064 2323 pulchritudo
2083 2264 2284 2323 corpo·

276 2351 283 2357 ’
350 2330 430 2390 ris
455 2327 670 2390 secerni
688 2346 805 2387 nen
829 2333 1024 2407 potest
1049 2346 1086 2386 a
1110 2328 1465 2389 valetudine·
1496 2332 1575 2391 sic
1596 2334 1726 2402 hoc,
1749 2333 1824 2393 de
1843 2354 1960 2413 quo
1979 2334 2285 2413 loquimur,

352 2420 643 2488 decorum,
670 2424 860 2478 totum
898 2416 1042 2479 illud
1067 2417 1301 2496 quidem
1325 2427 1417 2477 est
1442 2439 1575 2481 cum
1599 2423 1809 2484 viitute
1837 2425 2153 2527 confusum,
2181 2423 2287 2483 sed

352 2515 545 2572 mente
570 2514 632 2570 et
656 2507 999 2589 cogitatione
1026 2506 1413 2588 distinguitur.

253 2695 332 2751 10
434 2688 543 2750 Est
593 2694 789 2749 autem
839 2688 961 2748 eius
1012 2686 1321 2767 descriptio
1373 2686 1608 2767 duplex.
1703 2688 1859 2751 Nam
1907 2699 1970 2751 et
2019 2692 2288 2773 generale

357 2778 649 2858 quoddam
675 2778 946 2837 decorum
969 2777 1351 2856 intelligimus,
1380 2778 1540 2856 quod
1565 2779 1625 2837 in
1650 2780 1801 2840 omni
1839 2780 2136 2841 honestate
2161 2802 2287 2842 ver-

357 2875 551 2928 satur:
591 2874 652 2926 et
689 2866 846 2926 aliud
886 2866 1021 2926 huic
1059 2864 1404 2946 subjectum,
1431 2868 1592 2947 quod
1631 2869 1879 2947 pertinet
1913 2870 1992 2928 ad
2031 2872 2290 2951 singulas

258 2964 330 3020 11
360 2963 554 3038 partes
573 2956 902 3017 honestatis.
963 2956 1164 3033 Atque
1188 2956 1333 3017 illud
1361 2958 1622 3036 superius
1638 2958 1717 3019 sic
1731 2959 1851 3018 fere
1878 2958 2095 3019 definiri
2111 2962 2287 3020 solet:
2351 3005 2378 3027 .

359 3047 635 3107 decorum
670 3046 733 3107 id
771 3040 913 3116 esse,
942 3045 1099 3125 quod
1138 3054 1581 3107 consentaneum
1617 3048 1692 3106 sit
1731 3048 1973 3108 hominis
2014 3050 2290 3109 excellen-

360 3138 491 3208 tiae,
517 3137 577 3217 in
613 3155 702 3206 eo,
728 3136 790 3196 in
825 3155 943 3216 quo
980 3142 1186 3195 natura
1223 3136 1351 3215 ejus
1378 3155 1415 3195 a
1443 3138 1671 3216 reliquis
1710 3138 2088 3197 animantibus
2129 3138 2292 3197 diffe-

261 3233 335 3289 12
362 3235 470 3288 rat.
539 3228 686 3299 Quae
715 3232 910 3286 autem
936 3242 1071 3305 pars
1097 3225 1361 3306 subjecta
1385 3227 1583 3306 generi
1607 3234 1716 3297 est,
1736 3245 1865 3287 eam
1890 3227 1971 3287 sic
1999 3227 2292 3297 definiunt,

361 3324 431 3378 ut
467 3316 528 3378 id
567 3317 843 3377 decorum
882 3316 1058 3378 velint
1095 3335 1240 3387 esse,
1267 3317 1427 3395 quod
1465 3316 1547 3375 ita
1588 3324 1810 3379 naturae
1851 3324 2297 3377 consentaneum

364 3405 455 3474 sit,
484 3407 591 3465 ut’
574 3426 635 3465 in
658 3425 732 3466 eo
754 3406 1071 3467 moderatio
1105 3413 1168 3466 et
1202 3407 1581 3485 temperantia
1615 3414 1896 3486 appareat
1934 3424 2069 3465 cum
2106 3406 2299 3484 specie

364 3495 616 3573 quadam
652 3495 887 3557 liberali.
967 3496 1251 3556 XXVIH.
1294 3496 1446 3556 Haec
1484 3496 1566 3556 ita
1601 3496 1840 3576 intelligi
1864 3514 2173 3575 possumus
2200 3513 2300 3554 ex-

364 3583 616 3645 istimare
640 3603 716 3645 ex
740 3603 814 3646 eo
836 3585 1067 3655 decoro,
1093 3584 1255 3665 quod
1292 3592 1483 3666 poetis
1522 3592 1875 3665 sequuntur:
1917 3585 1993 3645 de
2031 3603 2150 3665 quo
2187 3583 2302 3644 alio
