2592 4142
981 273 1157 313 mmm
1182 273 1222 314 1.
1305 270 1438 314 cAP.
1468 272 1547 313 x1.
2203 252 2276 316 1'1

228 403 467 464 interitu
506 404 685 463 iratus
730 403 985 481 optavit;
1039 422 1154 480 quo
1193 403 1517 481 impetratO,
1566 401 1624 461 in
1661 402 1938 461 maximos
1980 402 2173 461 luctus

232 489 446 554 incidit.
530 494 656 551 Nec
701 493 983 571 promissa
1023 493 1195 572 igitur
1249 492 1528 551 servanda
1568 499 1701 550 sunt
1740 484 1826 562 ea,
1875 512 2004 570 quae
2063 493 2173 550 sint
2201 500 2236 552 5

229 584 315 651 iis,
343 582 557 661 quibus
604 569 944 661 promiseriS‚
975 582 1223 641 inutilia:
1265 601 1372 641 nec
1420 582 1469 641 si
1507 581 1639 660 plus
1678 583 1781 641 tibi
1820 601 1889 641 ea
1913 589 2170 652 noceant,
2304 622 2325 697 1

229 692 408 752 quam
434 672 516 751 ill}
552 672 787 751 prosint,
819 672 911 731 oui
949 670 1292 750 promiseris,
1321 679 1520 731 contra
1560 672 1807 731 officium
1848 680 1954 743 est,
1983 673 2171 752 majus

230 763 512 841 anteponi
537 762 753 822 minori.
830 758 938 837 Ut,
967 762 1016 841 si
1042 762 1399 820 constitueris
1440 761 1686 840 cuipiam
1724 769 1784 821 te
1824 762 2169 821 advocatum
2198 768 2235 821 6

228 852 289 911 in
329 871 455 911 rem
497 851 839 931 praesentem
882 871 1025 911 esse·
1057 859 1384 921 venturum,
1429 859 1602 929 atque
1649 852 1872 911 interim
1920 852 2169 932 graviter

230 949 513 1021 egrotare
556 942 705 1000 filius
745 941 1003 1020 coeperit,
1028 961 1145 1000 non
1185 941 1264 999 sit
1305 948 1502 1000 contra
1526 941 1790 1011 officium,
1820 961 1934 1002 non
1959 943 2167 1011 facere,

227 1032 391 1110 quod
432 1031 637 1090 dixeris
656 1036 695 1100 ;’
712 1030 1009 1110 magisque
1048 1032 1160 1100 ille,
1203 1031 1298 1089 eui
1341 1031 1681 1108 promissum
1730 1031 1819 1099 sit,
1862 1032 1938 1091 ab
1987 1031 2169 1090 officio

229 1122 509 1190 discedat,
557 1121 606 1179 si
651 1140 714 1180 se
760 1121 1099 1180 destitutum
1153 1127 1446 1200 queratur.
1526 1120 1565 1180 J
1566 1139 1661 1178 am
1709 1120 1823 1178 illis
1877 1121 2166 1198 promissis
2196 1121 2229 1181 '7

228 1211 505 1270 standum
540 1208 658 1270 non
697 1229 840 1280 esse,
869 1212 995 1288 quis
1038 1229 1153 1269 non
1188 1210 1363 1280 videt,
1391 1228 1522 1288 quae
1563 1217 1795 1273 coactus
1836 1210 1961 1289 quis
1989 1218 2165 1279 metu,
2298 1243 2317 1309 Ι

226 1320 361 1379 quae
424 1300 698 1378 deceptus
752 1300 885 1359 dolo
938 1300 1256 1378 promiserit
1271 1301 1301 1359 ‘2
1411 1300 1554 1371 Qum
1609 1300 1841 1379 quidem
1893 1298 2169 1380 pleraque

221 1389 356 1469 jure
384 1390 649 1469 praetorio
674 1390 999 1475 liberantur,
1027 1390 1299 1448 nonnulla
1324 1390 1570 1469 legibus.

308 1481 578 1539 Existunt
616 1481 788 1539 etiam
831 1499 991 1558 saepe
1029 1479 1246 1558 injuriae
1288 1480 1572 1539 calumnia
1609 1480 1860 1559 quadam
1900 1487 1961 1540 et
1999 1480 2163 1551 nimis
2194 1487 2230 1540 8

228 1570 441 1629 callida
479 1570 585 1628 sed
621 1569 902 1628 malitiosa
952 1569 1098 1647 juris
1156 1570 1634 1648 interpretatione.
1715 1572 1806 1629 Ex
1846 1590 1960 1649 quo
1999 1568 2160 1640 illud,

226 1679 520 1718 summum
530 1660 652 1734 jus,
679 1676 900 1718 summa
925 1661 1157 1735 injuria,
1187 1661 1404 1719 factum
1432 1667 1520 1719 est
1543 1661 1665 1738 jam
1693 1661 1890 1719 tritum
1910 1679 2170 1721 sermone
2311 1689 2366 1710 -

229 1749 616 1829 proverbium.
698 1751 829 1819 Quo
866 1751 925 1808 in
950 1766 1158 1829 genere
1186 1751 1354 1808 etiam
1380 1750 1438 1809 in
1469 1769 1531 1808 re
1560 1749 1788 1828 publica
1813 1751 1998 1809 multa
2024 1769 2155 1829 pec·
2185 1756 2223 1809 9

228 1846 464 1899 cantur:
506 1847 573 1897 ut
612 1839 724 1910 ille,
752 1839 865 1917 qui,
896 1859 1027 1897 cum
1074 1840 1306 1917 triginta
1340 1840 1562 1898 dierum
1598 1847 1787 1897 essent
1825 1859 1958 1897 eum
1995 1840 2165 1897 hoste

226 1930 469 1989 indutiae
497 1930 689 1998 factae,
708 1937 885 1988 noctu
910 1929 1298 2008 populabatur
1336 1947 1522 2006 agros,
1546 1928 1702 2006 quod
1728 1928 1949 1985 dierum
1975 1933 2169 1986 essent
2330 1912 2349 1968 Ι
2361 1926 2410 1947 “

226 2026 443 2098 pactae,
472 2014 586 2078 non
612 2019 861 2079 noctium
887 2018 1144 2077 indutiae.
1215 2017 1309 2076 Ne
1336 2024 1529 2076 noster
1554 2016 1785 2095 quidem
1811 2016 2160 2095 probanduS,
2200 2024 2276 2079 10

228 2109 280 2168 si
302 2128 507 2168 verum
546 2115 650 2177 est,
678 2098 769 2179 Q.
792 2109 1034 2167 Fabium
1074 2109 1400 2167 Labeonem
1442 2108 1545 2167 se'u
1584 2126 1756 2185 quem
1796 2107 1970 2165 alium
1997 2106 2162 2184 (nihil

227 2199 382 2259 enim
408 2199 595 2256 habeo
636 2205 851 2277 praeter
877 2197 1161 2278 auditum)
1191 2199 1466 2258 arbitrum
1493 2194 1728 2257 Nolanis
1754 2204 1814 2256 et
1841 2198 2169 2276 Neapolita-

225 2289 318 2348 nis
345 2288 420 2347 de
459 2288 663 2347 finibus
690 2307 727 2346 a
750 2295 961 2347 senatu
995 2288 1216 2356 datum,
1246 2308 1380 2347 cum
1413 2288 1492 2347 ad
1518 2287 1710 2347 locum
1748 2288 2009 2356 venisset,
2039 2304 2172 2347 oum

225 2377 487 2456 utrisque
514 2378 818 2456 separatim
854 2377 1131 2447 locutum,
1158 2397 1232 2437 ne
1261 2378 1470 2456 cupide
1509 2378 1650 2455 quid
1686 2385 1939 2457 agerent,
1966 2396 2040 2436 ne
2067 2396 2170 2456 ap-

226 2475 526 2547 petentem
568 2456 743 2545 atque
767 2475 836 2526 ut
862 2467 1106 2548 regredi,
1129 2487 1305 2547 quam
1326 2468 1600 2547 progredi
1614 2468 1891 2535 mallent.-
1936 2462 2010 2525 Id
2037 2484 2169 2526 eum
2200 2471 2273 2525 11

226 2557 463 2635 utrique
510 2557 804 2626 fecissent,
844 2557 1201 2635 aliquantum
1253 2557 1379 2636 agri
1431 2558 1490 2615 in
1526 2556 1721 2615 medio
1759 2555 2021 2614 relictum
2059 2562 2165 2616 est.

229 2647 440 2724 Itaque
477 2646 704 2706 illorum
761 2646 902 2705 fines
953 2648 1053 2715 sic,
1093 2653 1162 2706 ut
1206 2647 1319 2726 ipsi
1378 2645 1654 2719 dixerant,
1696 2643 2051 2712 terminavit;
2111 2644 2170 2703 in

227 2736 422 2795 medio
475 2736 738 2796 relietum
793 2736 952 2819 quod
1009 2742 1151 2806 erat,
1200 2730 1420 2816 populo
1449 2786 1456 2791 ,
1481 2735 1741 2793 Romano
1801 2733 2169 2814 adjudicavit.
2315 2762 2368 2783 -

229 2824 516 2904 Decipere
554 2827 679 2897 hoc,
704 2824 939 2907 quidem
978 2832 1084 2895 est,
1111 2844 1228 2885 non
1260 2825 1535 2906 judicare.
1619 2823 1898 2896 Quocirca
1933 2823 1993 2884 in
2020 2824 2173 2886 omni

227 2935 295 2975 re
320 2914 598 2995 fugienda
622 2922 713 2975 est
737 2916 868 2975 talis
894 2915 1161 2976 sollertia.

311 3092 420 3154 XI.
463 3093 613 3153 Sunt
650 3102 844 3153 autem
881 3095 1153 3172 quaedam
1185 3094 1367 3154 officia
1406 3096 1577 3156 etiam
1620 3096 2003 3155 adversus
2028 3112 2174 3153 ,eos

232 3183 534 3251 servanda,
569 3184 932 3262 aquibus
969 3185 1345 3264 injuriam
1384 3185 1808 3264 aocep'eriS.
1888 3186 1994 3243 Est
2020 3184 2170 3243 enim
2322 3224 2341 3284 Ι

190 3282 199 3289 ’
232 3272 546 3333 ulciscendi
584 3279 646 3332 et
685 3275 954 3352 puniendi
993 3275 1218 3334 modus.
1328 3275 1528 3354 Atque
1566 3273 1725 3332 haud
1765 3273 1883 3332 scio
1921 3292 1996 3331 an
2033 3274 2174 3334 satis

234 3363 328 3434 sit,
371 3381 526 3433 eum,
566 3364 668 3442 qui
707 3364 1028 3434 lacessierit,
1069 3365 1308 3443 injuriae.
1327 3383 1449 3423 suae
1488 3362 1772 3443 poenitere
1784 3382 1809 3432 3
1839 3370 1908 3421 ut
1946 3370 2006 3421 et
2043 3356 2168 3443 ipse

234 3472 309 3512 ne
348 3453 490 3531 quid
527 3454 646 3513 tale
685 3455 948 3533 posthac,
987 3461 1050 3513 et
1084 3455 1262 3514 ceteri
1301 3454 1414 3513 sint
1452 3453 1529 3512 ad
1567 3452 1832 3533 injuriam
1871 3453 2168 3516 tardiores.

236 3542 439 3620 Atque
477 3543 536 3601 in
573 3544 908 3623 republica
947 3545 1195 3603 maxime
1236 3544 1621 3605 conservanda
1660 3551 1795 3603 sunt
1845 3545 1978 3624 jura
2017 3545 2167 3605 belli.
2199 3551 2235 3605 2

237 3631 395 3692 Ham
434 3651 569 3693 cum
606 3634 722 3694 sint
759 3633 879 3694 duo
916 3650 1129 3713 genera
1168 3634 1517 3706 decertandi,
1544 3654 1724 3697 unum
1763 3655 1869 3717 per
1894 3634 2176 3716 discepta-

494 3738 511 3751 s
1201 3720 1282 3784 2*

761 3906 811 3951 D
