2592 4142
269 172 346 239 14
1092 176 1520 239 nn‘osfmonsf
1558 204 1563 211 ·

374 333 544 391 suum
589 313 868 417 cujusque
910 314 998 376 fit·
1021 334 1236 384 eorum,
1277 322 1414 393 quae'
1458 320 1665 373 natura
1700 313 1928 373 fuerant
1966 313 2314 384 communia,

309 414 349 466 5
372 405 531 484 quod
571 405 772 482 cuique
811 404 1032 507 obtigit,
1059 405 1119 463 id
1158 404 1397 483 quisque
1434 410 1642 462 teneat.
1723 400 1776 461 E
1815 423 1932 481 quo
1969 404 2019 463 si
2043 404 2172 482 quis
2198 403 2314 463 sibi

376 501 629 574 appetet;
671 493 904 554 violabit
936 495 1034 581 jus
1073 495 1341 555 humanae
1379 493 1683 555 societatis.
1765 493 1884 552 Sed
1923 493 2211 571 quoniam,
2237 500 2315 553 ut·

136 648 141 649 ff
233 644 267 717 x
374 585 646 665 praeclare
686 585 960 664 scuptum
999 592 1091 644 est
1127 604 1164 643 a
1202 585 1464 653 Platone,
1446 570 1814 743 ,Qiovtlingpbis
1836 583 2026 643 solum
2063 583 2184 642 nati
2209 602 2314 642 su·

374 694 523 747 mua,
551 682 839 753 ortusque.
858 675 1059 734 nostri
1075 682 1300 754 partem
1340 674 1526 778 patria
1686 673 1796 733 cat
1842 679 2069 752 partem
2105 672 2313 743 amici;

376 771 565 843 atque,
592 776 661 824 ut
699 766 890 844 placet
929 764 1152 835 Stoicis,
1194 783 1328 843 quae
1366 764 1427 823 in
1464 763 1630 823 terris
1668 763 1993 843 gignantur,
2021 762 2099 822 ad
2137 780 2317 825 usum

377 855 669 914 hominum
708 855 897 914 omnia
922 855 1131 925 creari,
1142 854 1401 913 homines
1426 860 1622 913 autem
1659 852 1956 912 homiuum
1973 871 2158 912 causa
2182 851 2319 912 esse

375 952 693 1025 generatos,
719 952 787 1005 ut
812 945 922 1024 ipsi
954 946 1101 1005 inter
1128 963 1193 1004 se
1231 944 1354 1003 aliis
1380 942 1475 1002 alii
1513 936 1787 1022 prodesse
1807 948 2080 1022 =:possent
2114 940 2174 1000 in
2187 943 2315 1003 hoc

376 1042 640 1094 naturam
678 1034 956 1096 debemus
993 1035 1200 1095 ducem
1223 1033 1409 1111 sequi,
1437 1051 1767 1101 communes
1807 1031 2124 1092 utilitates
2105 1051 2168 1091 ιιι
2191 1050 2316 1091 me·

379 1123 536 1184 dium
572 1125 790 1194 afferre,
815 1125 1130 1184 mutatione
1177 1124 1507 1192 officiorum,
1548 1118 1759 1191 dando,
1799 1121 2145 1202 accipiendo,
2186 1128 2319 1183 imm

376 1215 610 1283 artibus,
660 1222 788 1273 tum
832 1233 1029 1293 opera,
1067 1220 1195 1272 tum
1246 1213 1635 1285 facultatibus
1684 1212 1964 1273 devincire
2022 1211 2346 1272 hominum*

312 1308 353 1365 ⁸
377 1305 526 1373 inter
540 1305 810 1373 homines
835 1304 1180 1363 societatem.
1261 1294 1723 1371 Fundamentum
1750 1309 1943 1361 autem
1968 1308 2058 1360 est
2077 1300 2319 1381 justitiae

377 1394 539 1463 fides,
560 1393 620 1453 id
646 1400 737 1452 est
773 1393 1059 1452 dictorum
1099 1399 1622 1470 conventorumque
1660 1392 1979 1452 constantia
2002 1397 2063 1451 et
2087 1390 2319 1451 veritas.

377 1484 470 1545 Ex
508 1501 643 1561 que,
669 1501 1017 1561 quamquam
1055 1483 1167 1543 hoc
1207 1481 1498 1542 videbitur
1535 1482 1780 1555 fortasse
1817 1480 2062 1560 cuipiam
2099 1480 2320 1550 durius,
2401 1536 2404 1543 ,

378 1579 573 1633 tamen
584 1572 904 1633 audeamus
922 1572 1128 1631 imitari
1150 1572 1393 1641 Stoicos,
1414 1571 1514 1650 qui
1539 1571 1795 1632 studiose
1822 1571 2142 1650 exquirunt,
2162 1569 2322 1631 unde

380 1663 558 1723 verba
589 1661 705 1720 sint
733 1662 941 1732 ducta;
982 1658 1417 1745 credamusque,
1446 1662 1582 1740 quia
1619 1661 1739 1732 fiat,
1766 1661 1925 1741 quod
1962 1660 2183 1723 dictum
2207 1666 2320 1730 est,

379 1745 730 1831 appellatam
756 1751 946 1811 fidem.

323 1840 359 1905 ’1
467 1841 589 1902 Sed
640 1841 934 1920 injustitia
987 1859 1200 1921 genera
1240 1838 1362 1900 duo
1399 1847 1567 1900 sunt·
1623 1828 1803 1900 unum
1842 1856 2059 1909 eorum,
2098 1838 2198 1917 qui
2235 1836 2322 1897 in-

380 1932 604 2001 ferunt;
643 1932 890 1992 alterum
910 1950 1125 2001 eorum,
1146 1931 1245 2010 qui
1271 1930 1385 1991 ab
1370 1930 1683 2009 1is‚quibus
1708 1930 1962 2000 infertur,
1984 1930 2032 1989 si
2053 1934 2321 2008 possunt,

198 2088 205 2094 ‚
317 2027 355 2081 8
382 2041 498 2082 uon
549 2021 886 2100 propulsant
928 2021 1212 2100 injuriam.
1312 2020 1466 2078 Nam
1517 2020 1617 2098 qui
1668 2018 1878 2098 injuste
1930 2018 2211 2098 impetum
2262 2017 2325 2077 in

386 2111 715 2190 quempiam
753 2111 908 2179 facit,
936 2118 1040 2169 aut
1077 2111 1178 2178 ira,
1206 2116 1310 2169 aut
1346 2110 1535 2188 aliqua
1574 2110 1999 2187 perturbatione
2037 2109 2322 2178 incitamus,

381 2200 431 2259 is
457 2200 619 2278 quasi
656 2218 860 2258 manus
899 2200 1101 2277 afferre
1136 2200 1364 2259 videtur
1403 2199 1585 2260 socio:
1625 2199 1726 2277 qui
1765 2206 1961 2277 autem
1985 2218 2100 2265 non
2125 2198 2326 2258 defen-

383 2289 486 2358 dit,
514 2307 617 2347 nec
646 2289 883 2359 obsistit,
912 2289 961 2347 si
987 2273 1197 2368 potest,
1226 2288 1469 2368 injuriae,
1498 2295 1621 2347 tam
1662 2294 1754 2347 est
1790 2288 1852 2348 in
1889 2288 2044 2359 vitio,
2041 2296 2249 2369 quam
2275 2286 2326 2347 si

384 2385 647 2458 parentes
674 2385 777 2436 aut
803 2378 1140 2453 amicosaut
1167 2379 1414 2456 patriam
1441 2377 1685 2451 deserat.
1709 2438 1710 2443 ,
1769 2434 1777 2443 ,
1947 2428 1950 2433 .

319 2475 357 2529 9
463 2469 663 2547 Atque
688 2469 801 2528 illae
828 2468 1060 2547 quidem
1098 2468 1340 2550 injuriae,
1367 2486 1495 2546 quae
1530 2467 1771 2527 nocendi
1813 2486 1990 2527 eausa
2027 2466 2104 2528 de
2128 2466 2324 2527 indus·

384 2559 493 2617 tria
535 2558 870 2629 infenmtur,
912 2578 1070 2638 saepe
1122 2576 1159 2616 a
1213 2564 1377 2617 metu
1366 2558 1882 2763 θΡιοίίιιἱεριιιιιιιι·;
1942 2576 2076 2616 cum
2113 2557 2179 2626 is,
2211 2555 2340 2635 qui-

150 1696 247 1768 ‘-t

383 2667 585 2707 nocere
629 2649 792 2709 alteri
831 2649 1062 2728 cogitat,
1100 2648 1296 2718 timet,
1611 2646 1671 2706 'd
1716 2646 1978 2716 fecerit,
1962 2665 2088 2725 ipse
2134 2647 2324 2725 aliquo

283 2743 359 2797 10
387 2737 661 2796 afficiatur
685 2738 1059 2797 incommoda
1614 2743 1930 2815 mpartem
1955 2736 2073 2794 ad'
2058 2735 2323 2814 mjuriam

384 2826 708 2886 faciundam
735 2739 1203 2907 ιιςςιῂιιᾰἰιιιιιιιιτῖ,ιῙ
1188 2832 1256 2885 ιιι
1281 2826 1668 2905 adipiscantur
1693 2844 1778 2894 ea,
1805 2845 1940 2903 quae
1987 2826 2321 2904 concupive-

386 2924 552 2981 runt:
592 2915 651 2973 in
677 2934 791 2992 quo
806 2916 952 2975 ¹vitio
986 2916 1258 2974 latissime
1276 2922 1449 2994 patet
1475 2915 1729 2974 avaritia.
1811 2915 1987 2976 VIII.
2029 2915 2322 2993 Expettm-

387 3012 484 3065 tur
528 3012 723 3064 autem
762 3005 970 3065 divitiae
1012 3004 1145 3065 cum
1190 3005 1272 3064 ad
1313 3025 1451 3067 usus
1490 3005 1624 3065 vitae
1679 3005 2041 3073 necessarios,
2083 3011 2210 3087 tum·
2247 3003 2324 3061 ad

323 3102 359 3155 2
388 3095 761 3174 perfruendas
782 3086 1124 3174 voluptates,
1206 3096 1278 3155 In
1304 3095 1513 3173 quibus
1535 3102 1730 3154 autem
1756 3095 1944 3173 major
1970 3100 2061 3153 est
2084 3093 2323 3160 animus,

388 3187 447 3245 in
483 3186 549 3244 iis
588 3186 840 3265 pecuniae
870 3185 1155 3264 cupiditas
1193 3192 1421 3264 spectat
1459 3184 1536 3244 ad
1575 3203 1716 3263 opes
1755 3192 1817 3243 et
1857 3184 1934 3244 ad
1971 3181 2328 3262 gratificandi

387 3276 754 3336 facultatem:
797 3282 864 3334 ut
888 3295 1073 3355 nuper
1111 3275 1191 3336 M.
1224 3276 1467 3334 Crassus
1494 3274 1761 3353 negabat,
1788 3272 1965 3332 unam
1990 3272 2129 3331 satis
2168 3290 2326 3350 mag·

387 3384 521 3424 nam
547 3367 846 3444 pecuniam
875 3385 999 3424 esse
1027 3365 1095 3434 ei,
1124 3365 1308 3443 quiin
1342 3384 1404 3423 re
1432 3364 1663 3443 publica
1679 3424 1684 3431 ,
1691 3363 1957 3441 princeps
1982 3361 2156 3421 vellet
2182 3379 2326 3429 esse,

324 3460 361 3513 3
390 3455 555 3532 cujus
582 3444 861 3525 fructibus
885 3454 1201 3525 exercitum
1215 3455 1366 3515 alere
1385 3473 1498 3512 non
1526 3459 1737 3531 posset.
1820 3452 2128 3511 Delectant
2153 3450 2326 3513 etiam

389 3543 685 3621 magnifici·
710 3551 1020 3622 apparatus
1047 3544 1291 3621 vitaeque
1331 3543 1520 3605 cultus
1552 3561 1686 3602 cum
1721 3542 2006 3621 elegantia
2042 3548 2104 3600 et
2144 3539 2326 3619 copia.
