2592 4142
268 242 347 298 m
1096 255 1175 299 111³
1217 220 1476 307 canons

304 398 309 403 ⁴
371 392 445 444 et1
459 354 763 463 prudentia
790 364 1133 463 consilioque
1155 384 1396 444 fidentis.
1475 365 1715 442 Temere
1736 391 1931 442 autem
1956 382 2017 442 in
2043 382 2163 442 acie
2183 386 2311 445 (rer-

372 475 500 542 sarI,
528 481 590 533 et
614 495 789 534 manu
828 495 961 534 cum
999 475 1166 533 hoste
1194 475 1515 552 confligere,
1544 474 1790 533 immane
1804 473 2092 551 quiddam
2121 481 2181 532 et
2199 475 2310 533 be-

371 563 595 622 luarum
635 565 815 625 simile
842 573 949 633 est,
979 564 1082 622 sed
1124 583 1257 622 cum
1296 570 1530 642 tempus
1567 562 1989 641 necessitasque
2033 564 2308 641 postulat,

371 654 783 716 decertandum
836 672 1015 713 manu
1067 660 1172 723 est,
1217 660 1279 737 et
1331 672 1488 713 mors
1542 654 1803 712 servituti
1851 652 2311 769 turpitudinique
2353 682 2359 686 ·

296 756 320 794 -1
368 745 782 827 anteponenda.

448 902 665 983 XXIV.
709 925 800 982 De
826 923 1147 984 evertendis
1164 930 1382 991 =autem
1406 880 1845 1001 diripiendisque
1871 923 2111 983 urbibus
2137 923 2309 983 valde

368 1013 846 1073 considerandum
873 1021 979 1083 est,
1009 1032 1081 1072 ne
1109 1013 1247 1091 quid
1274 1020 1507 1081 temere,
1535 1031 1609 1070 ne
1633 1013 1775 1090 quid
1805 1013 2123 1073 crudeliter.
2206 1013 2305 1072 id-

238 1120 243 1127 ·
367 1120 481 1182 que
501 1110 590 1165 est
608 1103 712 1163 viri
732 1103 944 1183 magni,
964 1103 1138 1163 rebus
1160 1103 1411 1182 agitatis,
1434 1102 1635 1181 punire
1653 1108 1861 1170 sontes,
1881 1103 2304 1169 multitudinem

301 1198 337 1251 2
367 1212 719 1262 conservare,
739 1193 798 1252 in
814 1194 968 1253 omni
985 1193 1218 1251 fortuna
1237 1201 1397 1251 recta
1418 1199 1593 1270 atque
1621 1194 1862 1251 honesta
1877 1193 2139 1252 retinere.
2226 1193 2309 1251 Ut

364 1283 515 1342 enim
541 1289 693 1351 sunt,
721 1281 1210 1360 quemadmodum
1238 1300 1417 1360 supra
1442 1281 1575 1351 dixi,
1604 1283 1704 1360 qni
1728 1283 1958 1342 urbanis
1985 1284 2157 1341 rebus
2184 1283 2306 1343 bel-

364 1372 502 1431 licas
541 1379 926 1451 anteponant:
969 1371 1047 1429 sic
1089 1371 1339 1450 reperias
1379 1372 1609 1440 multos,
1639 1372 1848 1449 quibus
1888 1372 2206 1450 periculosa
2245 1363 2309 1432 et

364 1461 549 1523 calida
588 1462 818 1521 consilia
842 1461 1046 1540 quietis
1085 1467 1147 1519 et
1184 1461 1447 1541 cogitatis
1486 1468 1547 1521 et
1587 1461 1976 1539 splendidiora
1998 1469 2060 1520 et
2083 1462 2308 1540 majoia

352 1551 680 1611 videantur.
765 1552 1077 1629 Nunquam
1117 1551 1346 1627 omnino
1386 1552 1623 1629 periculi
1662 1552 1807 1631 fuga
1832 1551 2307 1611 committendum

298 1646 336 1699 3
365 1648 471 1710 est,
500 1648 568 1700 ut
604 1641 862 1701 imbelles
903 1640 1199 1719 timidique
1229 1624 1540 1703 videamur.
1623 1641 1741 1700 Sed
1781 1640 2132 1739 fugiendum
2161 1640 2306 1702 illud

361 1729 554 1800 etiam,
581 1750 654 1790 ne
682 1731 984 1790 offeramus
1026 1750 1132 1790 nos
1168 1730 1432 1810 periculis
1473 1731 1593 1789 sine
1623 1731 1827 1790 causa:
1871 1751 1987 1809 quo
2015 1730 2139 1790 esse
2165 1731 2308 1792 nihil
2369 1739 2374 1743 ’

164 1883 169 1888 ,
297 1823 336 1878 4
363 1827 556 1900 potest
576 1822 821 1881 stultius.
905 1820 1308 1901 Quapropter
1291 1840 1352 1879 m
1370 1820 1649 1889 adeundis
1670 1821 1933 1900 periculis
1951 1823 2307 1882 consuetudo

361 1909 633 1970 imitanda
672 1912 1025 1971 medicorum
1063 1918 1168 1981 est,
1198 1911 1298 1990 qui
1317 1911 1572 1970 leviter
1588 1918 1938 1990 aegrotantes
1976 1912 2181 1971 leniter
2207 1933 2307 1973 cu·

361 2007 507 2070 rant,
536 2001 889 2081 gravioribus
916 2010 1111 2060 autem
1137 2001 1351 2061 morbis
1392 2000 1738 2079 periculosas
1767 2001 2088 2063 curationes
2117 2008 2178 2061 et
2204 2021 2302 2060 an-

296 2097 334 2149 5
363 2089 562 2168 cipites
585 2090 859 2149 adhibere
881 2098 1180 2169 coguntur.
1262 2090 1496 2161 Quare
1481 2110 1541 2149 m
1566 2091 1871 2169 tranquiilo
1895 2098 2305 2171 tempestatem

360 2179 661 2238 adversam
700 2187 902 2257 optare
942 2179 1222 2239 dementis
1262 2187 1369 2251 est,
1397 2181 1698 2248 subvenire
1741 2188 1934 2241 autem
1971 2183 2305 2260 tempestati

360 2267 560 2346 quavis
596 2268 817 2327 ratione
853 2268 1157 2346 sapientis
1140 2313 1156 2327 ,
1200 2288 1386 2347 eoque
1424 2269 1624 2349 magis,
1654 2270 1702 2328 si
1742 2271 1871 2349 plus
1899 2271 2218 2349 adipiscare
2242 2290 2305 2330 re

297 2362 335 2416 6
361 2357 648 2435 explicata
693 2358 844 2426 boni,
886 2376 1062 2435 quam
1098 2358 1442 2418 addubitata
1477 2360 1637 2418 mali.
1713 2360 2066 2435 =Periculosa-3
2109 2369 2307 2421 autem

360 2464 554 2507 rerum
593 2447 842 2506 actiones
883 2448 1092 2526 partim
1118 2448 1199 2508 iis
1238 2456 1391 2518 sunt,
1439 2449 1539 2527 qui
1573 2467 1672 2509 eas
1714 2449 2046 2528 suscipiunt,
2092 2452 2304 2529 partim

359 2537 443 2595 rei
480 2536 743 2615 publicae.
825 2538 1089 2616 Itemque
1128 2539 1223 2598 alii
1262 2540 1337 2598 de
1364 2538 1500 2608 vita,
1530 2539 1625 2598 alii
1666 2539 1739 2598 de
1778 2539 1963 2617 gloria
1987 2536 2053 2598 et*
2073 2541 2303 2600 benivo-

294 2625 331 2688 7
359 2625 536 2686 lentia
560 2628 768 2686 civium
793 2627 852 2686 in
879 2628 1183 2688 discrimen
1207 2637 1504 2689 vocantur.
1573 2628 1974 2707 Promptiores
2001 2630 2176 2708 igitur
2202 2631 2302 2690 de·

359 2715 564 2777 bemus
603 2735 728 2775 esse
770 2717 849 2775 ad
892 2725 1090 2777 nostra
1133 2720 1405 2797 pericula,
1435 2708 1610 2796 quam
1650 2718 1727 2777 ad
1768 2719 2109 2789 communia,
2139 2720 2303 2787 dimi-

360 2823 603 2884 careque
642 2806 898 2884 paratius
925 2806 998 2865 de
1024 2808 1242 2867 honore
1268 2817 1330 2889 et
1357 2809 1556 2888 gloria,
1584 2826 1757 2886 quam
1801 2808 1875 2868 de
1913 2810 2117 2868 ceteris
2145 2830 2301 2873 com-

294 2901 332 2955 8
359 2895 561 2956 modis.
642 2895 868 2962 Inventi
894 2902 1088 2956 autem
1114 2898 1282 2957 multi
1309 2905 1461 2968 sunt,
1490 2899 1741 2976 quinon
1767 2898 1943 2963 modo
1979 2899 2299 2977 pecuniam,

359 2985 465 3046 sed
492 2985 664 3044 etiam
691 2985 870 3045 vitam
910 2987 1255 3065 profundere
1296 3007 1404 3067 pro
1448 2989 1638 3068 patria
1676 2989 1864 3067 parati
1890 2996 2098 3058 essent,
2127 2986 2303 3049 iidem

358 3075 559 3154 gloriae
599 3075 883 3155 jacturam
922 3074 998 3134 'ne
1041 3077 1336 3137 minimam
1376 3074 1607 3157 quidem
1648 3079 1838 3138 facere
1878 3079 2107 3149 vellent,
2135 3098 2209 3137 ne
2237 3099 2304 3139 re

295 3171 331 3226 9
360 3166 594 3246 publica
619 3165 852 3245 quidem
872 3166 1218 3245 postulante.
1240 3228 1245 3233 Ι
1288 3166 1376 3226 Ut
1392 3166 1803 3236 Callicratidas,
1827 3169 1942 3246 qui,
1966 3188 2100 3226 cum
2122 3169 2300 3227 Lace-

357 3256 767 3317 daemoniorm
794 3256 912 3315 dux
937 3256 1148 3317 fuisset·
1164 3257 1651 3336 Peloponnesiaco
1693 3259 1865 3328 bello,
1894 3259 2192 3336 multaque
2216 3258 2316 3318 fe-·

359 3346 530 3406 cisset
567 3347 812 3426 egregie,
841 3347 1012 3406 vertit
1049 3347 1124 3406 ad
1164 3356 1486 3407 extremum
1527 3344 1732 3416 omnia,
1764 3368 1897 3407 cum
1925 3348 2158 3407 consilio
2183 3367 2303 3407 non

358 3437 551 3515 paruit
584 3455 800 3504 eorum,
830 3437 927 3514 qui
968 3438 1209 3505 classem
1250 3439 1325 3496 ab
1366 3436 1699 3517 Arginussis
1740 3438 2163 3507 removendam,
2179 3442 2302 3499 'nec

359 3544 492 3585 cum
517 3526 965 3587 Atheniensibus
1006 3527 1392 3586 dimicandum
1431 3529 1731 3607 putabant.
1816 3529 2040 3598 Quibus
2076 3527 2172 3587 ille
2210 3547 2300 3588 re·

359 3615 611 3696 spondit,
658 3612 1136 3685 Lacedaemonios,
1192 3617 1376 3677 classe
1429 3617 1532 3676 illa
1586 3617 1811 3687 amissa,
1867 3618 2039 3678 aliam
2093 3637 2303 3698 parare
