2592 4142
317 231 399 288 90
1156 244 1235 285 nn
1262 242 1516 285 cruens

422 372 770 451 laudentque
809 391 895 443 ea,
926 389 1058 451 quae
1095 372 1385 432 laudanda
1418 392 1532 431 non
1558 371 1689 442 sint,
1718 371 1794 432 ob
1820 389 1964 440 eam,
1996 372 2192 443 credo,
2221 391 2357 434 cau·

383 530 393 537 ,
424 483 565 531 sam,
594 463 751 546 quod
777 463 909 522 insit
927 463 993 522 in
1017 463 1106 521 his
1132 463 1346 541 aliquid
1373 463 1554 546 probi,
1582 462 1739 541 quod
1766 461 1954 540 capiat
1980 462 2229 541 ignaros,
2259 463 2365 542 qui.
2428 502 2435 505 ι

423 553 672 632 quidem,
726 553 865 631 quid
917 553 980 614 in
1003 557 1370 631 ‘unaquaque
1423 573 1485 611 re
1539 552 1660 611 vitii
1712 552 1801 620 sit,
1858 560 2148 629 nequeant
2197 554 2352 631 judi-

425 661 571 703 care.
653 644 861 720 Itaque
901 662 1033 702 cum
1063 653 1209 713 ,sunt
1235 643 1393 705 docti
1420 660 1456 700 a
1482 642 1709 721 peritis„
1725 643 2008 703 desistunt
2033 646 2203 713 facile
2228 667 2353 706 sen·

375 797 384 804 a
422 734 615 793 tentia.
697 733 805 792 IV.
848 733 995 793 Haec
1033 732 1209 812 igitur
1247 733 1448 801 officia,
1477 732 1552 790 de
1578 732 1786 810 quibus
1822 734 1912 792 his
1947 735 2104 794 libris
2131 736 2355 794 disseri·

422 843 570 893 mue,
591 824 754 902 quasi
772 822 1024 892 secunda
1041 823 1310 900 quaedam
1330 822 1577 881 ,honesta
1603 841 1729 882 esse
1749 822 1964 891 dicunt,
1992 844 2107 882 non
2134 826 2356 904 sapien·

423 913 566 972 tium
584 913 758 972 modo
775 912 1020 991 propria,
1037 912 1140 972 sed
1161 927 1292 972 cum
1309 912 1460 971 omni
1478 912 1770 972 hominum
1788 931 1994 991 genere
2011 916 2351 976 communia.

424 1004 633 1081 Itaque
669 1002 757 1061 his
784 1021 998 1070 omnes,
1023 1003 1084 1061 in
1108 1002 1318 1081 quibus
1358 1009 1446 1061 est
1471 1001 1695 1061 virtutis
1734 1002 1968 1071 indoles,
1997 1022 2357 1063 commoven-

360 1099 398 1154 2
424 1101 536 1153 tur.
618 1093 743 1152 Nec
772 1112 906 1152 vero
946 1112 1079 1152 eum
1105 1093 1222 1152 duo
1250 1092 1413 1151 Decii
1446 1099 1549 1151 aut
1574 1092 1701 1151 duo
1719 1092 2011 1170 Scipiones
2046 1093 2227 1152 fortes
2252 1094 2359 1152 viri

425 1190 954 1251 commemorantur,
983 1190 1085 1241 aut
1125 1202 1256 1242 cum
1282 1182 1573 1242 Fabricius
1601 1182 1703 1241 au't
1728 1181 2012 1246 Aristides
2034 1183 2230 1260 justus
2254 1202 2356 1242 no-

425 1274 686 1342 minatur,
715 1280 817 1338 aut
843 1261 931 1332 “ab
968 1272 1077 1331 illis
1122 1272 1482 1340 fortitudinis,
1513 1280 1616 1331 aut
1640 1271 1731 1338 ,ab
1772 1271 1862 1329 his
1896 1272 2172 1349 justitiae,
2208 1279 2357 1331 tam-

361 1370 398 1424 8
426 1381 601 1442 quam
627 1382 664 1420 a
691 1362 962 1440 sapiente,
993 1361 1207 1440 petitur
1232 1362 1583 1440 exemplum·
1646 1362 1836 1421 Nemo
1864 1362 2013 1422 enim
2039 1362 2248 1421 horum
2274 1364 2361 1422 sic

425 1452 668 1530 sapiens,
687 1459 753 1510 ut
778 1451 1091 1529 sapientem
1101 1450 1373 1510 *volumus
1413 1451 1686 1529 intelligi,
1673 1470 1686 1485 ·
1727 1467 1833 1510 nec
1860 1452 1915 1519 ii,
1945 1452 2045 1529 qui
2070 1453 2361 1534 sapientes

425 1542 606 1604 habiti
632 1548 692 1600 et
717 1541 1008 1610 nominati,
1036 1541 1116 1602 M.
1149 1541 1300 1600 Cato
1327 1548 1388 1599 et
1425 1541 1747 1609 o.Lae1ius,
1778 1541 2063 1619 sapientes
2089 1542 2359 1611 fuerunt3

425 1650 498 1690 ne
523 1631 603 1690 illi
621 1630 854 1709 quidem
880 1637 1140 1708 septem·
1183 1631 1287 1690 sed
1315 1649 1388 1689 ex
1412 1631 1728 1689 mediorum
1755 1630 2066 1692 officiorum
2092 1632 2361 1709 frequen-

360 1726 401 1781 4
427 1722 512 1780 tia
531 1715 964 1780 similitudinem
977 1721 1267 1799 quandam
1306 1722 1584 1801 gerebant
1610 1721 1970 1803 speciemque
1996 1719 2359 1816 sapientium.

428 1811 706 1882 Quocirca
743 1830 849 1871 nec
889 1810 966 1879 id,
994 1811 1153 1888 quod
1179 1829 1313 1870 vere
1349 1811 1653 1870 honestum
1680 1817 1786 1880 est,
1814 1811 1902 1869 fas
1931 1818 2022 1884 est
2048 1830 2183 1870 cum
2208 1812 2363 1870 utili-

424 1902 560 1962 tatis
577 1889 958 1984 ,repugnantia
975 1901 1322 1980 comparari:
1364 1919 1469 1959 nec
1490 1900 1569 1971 id,
1592 1901 1748 1978 quod
1770 1902 2144 1960 communiter
2160 1902 2363 1980 appel-

425 1992 612 2054 lamus
651 1992 975 2059 honestum,
1003 1991 1160 2068 quod
1201 1991 1405 2049 colitur
1436 1991 1512 2050 ab
1539 1991 1622 2058 iis,
1652 1991 1752 2068 qui
1787 1992 1966 2052 bonos
1991 2010 2054 2050 se
2080 1992 2233 2050 viros
2258 1992 2363 2049 ha-

427 2081 549 2142 beri
588 2081 805 2149 volunt,
842 2100 977 2142 cum
1022 2080 1417 2140 emolumentis
1458 2099 1715 2158 unquam
1758 2087 1849 2139 est
1888 2081 2360 2159 comparandum.

362 2178 399 2231 5
428 2171 681 2248 'Eamque
720 2169 782 2227 id·
818 2170 1139 2245 honestum,
1169 2169 1327 2247 quod
1363 2170 1423 2228 in
1447 2171 1711 2232 nostram'
1722 2170 2160 2250 intelligentiam
2187 2169 2362 2240 cadit,

426 2260 704 2318 mendum
730 2259 1298 2336 conservandumque
1318 2260 1482 2319 nobis
1509 2266 1613 2329 est,
1643 2260 2003 2337 quamillud,
2031 2259 2191 2337 quod
2230 2279 2363 2338 pro-

363 2356 400 2411 6
428 2350 551 2428 prie
578 2348 784 2408 dicitur
819 2365 1070 2426 vereque
1098 2355 1187 2407 est
1211 2350 1534 2418 honestum,
1558 2350 1923 2428 sapientibus
1990 2350 2185 2408 Aliter
2211 2350 2366 2408 enim

425 2438 607 2498 teneri
645 2457 762 2498 non
801 2445 1014 2517 potest,
1038 2438 1087 2497 si
1111 2457 1227 2516 qua
1266 2439 1343 2497 ad
1379 2440 1647 2499 virtutem
1674 2447 1778 2499 ‘est
1816 2441 1973 2498 facta
2010 2440 2361 2518 progressio.

430 2528 549 2588 Sed
588 2530 713 2594 haec
745 2528 977 2606 quidem
1013 2528 1088 2587 de
1127 2528 1211 2598 iis,
1256 2529 1354 2607 qui
1391 2531 1812 2589 conservatione
1863 2529 2176 2589 officiorum
2217 2530 2365 2588 exis-

363 2619 399 2681 '7
427 2620 703 2679 timantur
728 2619 876 2680 boni.
959 2620 1071 2689 Qui
1087 2626 1291 2695 -autem
1318 2620 1508 2696 omnia
1532 2619 1846 2678 metiuntur
1872 2619 2274 2678 emolumentis
2300 2626 2366 2678 et

427 2709 756 2777 commodis,
785 2728 969 2787 neque
996 2728 1066 2773 ea
1090 2709 1289 2769 volunt
1315 2709 1741 2789 praeponderari
1765 2710 2081 2777 honestate,
2110 2709 2151 2767 ii
2176 2709 2366 2767 solent
2424 2709 2437 2718 “

427 2798 487 2857 in
513 2798 881 2863 deliberando
917 2798 1221 2857 honestum
1250 2818 1382 2860 cum
1409 2818 1495 2867 ee,
1525 2799 1682 2876 quod
1708 2797 1848 2860 utile
1876 2804 2098 2876 putant,
2129 2813 2362 2877 compa·

363 2894 403 2949 8
429 2905 586 2948 rare:
629 2888 763 2947 boni
787 2886 890 2946 viri
914 2907 1029 2946 non
1053 2887 1254 2947 solent.
1322 2889 1527 2966 Itaque
1554 2889 1831 2957 existimO,
1859 2887 2197 2956 Panaetium,
2227 2905 2365 2946 cum

429 2975 652 3045 dixerit,
688 2977 945 3036 homines
991 2976 1172 3035 solere
1214 2978 1274 3036 in
1314 2977 1424 3036 hac
1464 2978 1882 3058 comparatione
1924 2977 2208 3045 dubitare,
2250 2978 2363 3036 hoc

429 3063 620 3148 ipsum
648 3067 903 3137 sensisse,
934 3067 1090 3145 quod
1117 3068 1338 3136 dixerit,
1377 3069 1559 3130 solere
1592 3068 1791 3137 modo,
1814 3087 1935 3126 non
1974 3067 2147 3125 etiam
2193 3086 2364 3145 opor-

364 3165 402 3220 9
427 3166 566 3218 tere.
646 3158 875 3218 Etenim
911 3177 1027 3217 non
1064 3158 1240 3239 modo
1275 3154 1463 3236 pluris
1492 3165 1700 3236 putare
1727 3157 1885 3237 quod
1912 3156 2053 3215 utile
2079 3156 2363 3225 videatur,

428 3268 603 3327 quam
627 3248 785 3326 quod
824 3232 1162 3317 honesturn,¹
1176 3248 1280 3307 sed
1320 3247 1446 3306 haec
1483 3249 1655 3307 etiam
1681 3249 1828 3307 inter
1852 3263 1916 3305 se
1942 3263 2278 3324 comparare
2302 3252 2367 3305 et

427 3339 487 3398 in
512 3338 602 3397 his
630 3338 988 3408 addubitare,-
1014 3337 1407 3417 turpissimum
1434 3344 1540 3397 est.
1579 3359 1585 3372 ‘
1648 3375 1653 3380 -
2170 3359 2176 3368 ⁴

330 3512 405 3578 10
512 3506 664 3576 Quid
707 3525 853 3583 ergo
892 3512 998 3573 est,
1043 3506 1200 3583 quod
1247 3473 1656 3584 nonnunquam
1702 3458 2128 3568 dubitationem
2160 3490 2375 3563 afferre·

430 3594 614 3664 soleat
640 3594 1224 3674 considerandumque
1244 3594 1509 3656 videatur
1523 3597 1553 3655 ‘2
1623 3594 1836 3666 Credo,
1859 3595 1915 3655 si
1939 3593 2172 3674 quando
2197 3592 2368 3658 ‹lubi-
