2592 4142
789 307 792 310 ψ
906 286 1080 325 unna
1104 286 1144 326 1.
1226 285 1362 331 cAP.
1393 286 1554 328 xxxa·
2175 272 2268 329 41>

202 414 455 497 quidem,
486 412 904 484 severissimus
929 415 1418 494 philosophorum,
1447 417 1523 475 ob
1550 434 1789 496 eamque
1815 435 1937 477 rem
1961 415 2149 495 ipsam
2201 410 2224 463 ²-

202 526 482 586 magnum
510 512 571 564 et
612 505 829 569 clarum
861 506 1058 569 fuisse.
1139 506 1586 565 Innumerabiles
1628 509 1752 567 aliae
1803 505 2147 567 dissimilitu-
2179 506 2251 567 1⁷

205 596 368 655 dines
423 603 560 655 sunt
613 603 837 654 naturae
887 614 1243 674 morumque,
1295 596 1524 656 minime
1577 604 1780 656 tamen
1822 598 2146 676 vituperan-

203 686 433 745 dorum.

270 864 502 926 XXXI.
531 862 873 924 Admodum
897 850 1091 923 aute‘m
1117 863 1365 923 tenenda
1391 871 1526 924 sunt
1550 884 1660 924 sua
1676 862 1897 945 cuique,
1923 886 2038 926 non
2063 865 2145 926 vi·-

199 954 367 1023 tiosa,
383 953 487 1014 sed
506 961 699 1013 tamen
718 954 966 1034 propria,
984 973 1099 1032 quo
1117 954 1337 1014 facilins
1354 953 1624 1014 decorum
1638 956 1796 1026 illud,
1815 957 1970 1037 quod
1988 954 2143 1036 quae'-

198 1043 397 1113 rimuS,
426 1044 752 1103 retineatur.
820 1042 932 1105 -Sio
966 1044 1125 1103 ‘enim
1162 1050 1255 1102 est
1296 1038 1638 1114 faciendum,
1680 1053 1748 1105 ut
1787 1053 1983 1106 contra
2021 1046 2142 1106 uni-
2172 1053 2208 1106 2

200 1152 430 1194 versam
475 1140 741 1196 naturam
787 1134 933 1192 nihil
981 1134 1411 1202 contendamus,
1454 1153 1524 1193 ea
1562 1142 1755 1194 tamen
1794 1142 2142 1205 conservata,

198 1225 495 1302 propriam
534 1231 801 1283 naturam
838 1221 1150 1303 sequamur
1168 1214 1188 1292 Δ;
1229 1231 1315 1294 ιιι,
1346 1224 1570 1285 etiamsi.
1592 1225 1704 1284 sint
1730 1226 1840 1284 alia
1866 1226 2142 1305 graviora,

197 1320 403 1391 tamenn
440 1332 546 1373 nos
592 1303 784 1373 studia
828 1321 1022 1373 nostra
1067 1321 1278 1391 nostrae
1318 1320 1543 1374 naturae
1583 1315 1784 1394 regula
1822 1316 2139 1375 metiamur.

197 1403 409 1482 Neque
436 1404 587 1463 enim
627 1404 832 1463 attinet
869 1411 1091 1463 naturae
1121 1398 1596 1484 repugnare,nec
1634 1405 1939 1484 quicquam
1964 1406 2140 1484 sequi,
2170 1412 2206 1466 3
2269 1406 2276 1411 ’

198 1494 358 1573 quod
403 1495 630 1573 assequi
670 1513 788 1553 non
826 1513 1022 1574 queaS,
1053 1493 1152 1574 (ex
1190 1513 1307 1572 quo
1345 1495 1530 1574 magis
1569 1497 1828 1576 emergit,
1858 1497 2029 1574 quale
2068 1497 2143 1555 sit

198 1583 478 1643 decorum
529 1583 716 1664 illud,)
764 1584 913 1654 ideo,
958 1585 1094 1663 quia
1139 1585 1277 1644 nihil
1326 1584 1494 1645 decet
1539 1585 1736 1645 invita
1759 1588 2031 1656 Minerva,
2074 1593 2143 1646 ιιι

197 1674 377 1743 aiunt,
406 1675 468 1734 id
504 1682 610 1744 est,
638 1675 974 1735 adversante
1015 1679 1075 1733 et
1112 1681 1470 1754 repugnante
1507 1682 1728 1735 natura.
1810 1676 2053 1736 Omnino
2092 1676 2140 1736 si
2167 1680 2208 1735 4

197 1764 508 1843 quicquam
533 1772 623 1824 est
650 1765 945 1834 decorum,
962 1764 1101 1824 nihil
1126 1772 1218 1823 est
1246 1766 1506 1844 profecto
1524 1765 1727 1845 magis,
1745 1784 1918 1844 quam
1946 1785 2141 1845 aequa·

71 1896 86 1914 .
196 1854 391 1914 bilitas
418 1855 699 1915 universae
728 1856 883 1925 vitae,
909 1861 1036 1914 tum
1066 1856 1417 1936 singularum
1444 1855 1766 1941 actionum3
1807 1874 1981 1933 quam
2007 1856 2139 1914 con-

197 1963 430 2003 servare
457 1963 573 2003 non
598 1944 799 2024 possis,
827 1946 875 2004 si
901 1946 1139 2004 aliorum
1164 1942 1427 2003 naturam
1453 1944 1677 2003 imitans
1704 1945 1933 2006 omittas
1960 1950 2138 2004 tuani.

195 2033 285 2093 Ut
329 2033 482 2095 enim
522 2052 781 2094 sermone
821 2054 892 2094 eo
932 2035 1208 2095 debemus
1248 2035 1352 2104 uti,
1379 2034 1479 2113 qui
1515 2041 1685 2092 natus
1724 2040 1822 2097 est
1839 2034 2018 2103 nobiS,
2047 2053 2137 2104 ne,
2168 2044 2204 2096 5

197 2130 267 2183 ιιι
294 2123 550 2206 quidam,
581 2125 788 2184 Graeca
812 2122 991 2184 verba
1014 2116 1370 2184 inculcantes.
1400 2124 1531 2203 jure
1570 2124 1788 2203 optimo
1814 2122 2100 2184 rideamus·
2117 2130 2136 2183 'z

196 2214 279 2274 sic
305 2215 367 2273 in
392 2215 643 2274 actiones
682 2224 1022 2292 omnemque
1047 2214 1223 2274 vitam
1242 2216 1482 2274 'nullam
1523 2214 1962 2295 discrepantiam
2007 2234 2137 2274 con-

196 2304 348 2363 ferre
356 2304 665 2364 debemus.
727 2304 928 2383 Atque
939 2298 1078 2363 'haec
1099 2304 1415 2364 differentia
1433 2309 1765 2365 naturarum
1791 2302 2136 2366 tantam'ha-
2167 2312 2203 2366 6

196 2394 299 2454 bet
326 2393 461 2463 rim,
490 2401 558 2453 ut
580 2412 984 2473 nonnunquam
1006 2401 1271 2454 'mortem
1315 2395 1421 2455 sibi
1442 2395 1582 2479 ,ipse
1623 2394 1982 2455 consciscere«
1996 2396 2139 2455 alius

198 2482 431 2552 debeat,
461 2484 604 2543 alius
631 2485 690 2543 in
716 2484 918 2544 eadem
959 2503 1132 2543 causa
1169 2504 1285 2544 non
1328 2485 1556 2545 debeat.
1636 2485 1696 2544 N
1697 2505 1797 2543 um
1842 2486 1991 2544 enim
2029 2487 2139 2544 alia
2168 2486 2203 2551 7

197 2572 257 2632 ιιι
296 2592 471 2634 causa
509 2575 590 2633 M.
632 2575 780 2634 Cato
816 2574 942 2644 fuit,
984 2574 1095 2632 alia
1134 2574 1324 2642 ceteri,
1351 2575 1451 2652 qui
1489 2593 1553 2633 se
1589 2574 1649 2633 in
1688 2575 1889 2633 Africa
1927 2575 2138 2635 Caesari

198 2663 560 2723 tradiderunt
574 2663 604 2723 ἱ)
685 2664 868 2742 Atqui
910 2664 1124 2734 ceteris*
1149 2664 1389 2723 forsitan
1414 2663 1550 2723 vitio
1565 2662 1780 2739 *datum
1806 2671 1974 2734 esset,
2001 2665 2051 2723 'si
2077 2684 2139 2724 se

197 2753 630 2824 interemissent,
678 2761 983 2833 propterea
1028 2752 1186 2832 quod
1234 2752 1414 2812 lenior
1458 2770 1656 2812 eorum
1695 2753 1814 2812 vita
1853 2762 1913 2813 et
1951 2772 2139 2816 mores

197 2843 428 2903 fuerant
451 2844 766 2903 faciliores:
809 2844 1015 2903 Catoni
1043 2863 1174 2903 cum
1208 2842 1596 2903 incredibilem
1613 2843 1909 2904 tribuisset
1935 2854 2140 2906 natura

196 2934 561 3014 gravitatem,
610 2952 852 3012 eamque
890 2935 1015 3014 ipse
1061 2942 1344 3025 perpetua
1385 2928 1701 2994 constantia
1741 2936 2138 3007 roboravisset,

196 3042 544 3105 semperque
587 3024 646 3083 in
689 3023 982 3103 proposito
1022 3031 1404 3103 susceptoque
1444 3025 1670 3085 consilio
1713 3027 2192 3106 permansisset„

196 3112 556 3173 moriendum
602 3113 812 3192 potius,
858 3132 1032 3193 quam
1084 3115 1310 3193 tyranni
1351 3106 1547 3175 vultus
1600 3114 1966 3193 aspiciendus
2010 3116 2136 3176 fuit.
2287 3178 2292 3185 ,

199 3203 391 3274 Quam
435 3203 620 3262 multa
662 3223 864 3282 passus
902 3211 993 3263 est
1019 3202 1257 3263 Ulixes
1242 3225 1302 3263 m
1335 3205 1434 3263 illo
1460 3224 1649 3263 errore
1689 3204 1974 3274 diuturno,
2005 3225 2137 3265 cum
2167 3213 2205 3268 8

197 3300 258 3353 et
283 3292 615 3369 mulieribus
638 3292 709 3374 (si
736 3294 900 3353 Circe
927 3300 986 3354 et
1014 3294 1269 3374 Calypso
1293 3294 1557 3353 mulieres
1584 3294 1946 3372 appellandae
1975 3300 2138 3375 sunt)

197 3383 517 3452 inserviret
540 3390 601 3443 et
624 3384 683 3442 in
710 3384 883 3443 omni
903 3403 1161 3443 sermone
1204 3384 1469 3444 omnibus
1503 3383 1796 3442 affabilem
1835 3391 1899 3442 et
1935 3384 2139 3462 jucun-

198 3473 342 3532 dum
367 3491 432 3532 se
459 3492 586 3532 esse
611 3473 826 3534 vellet.
800 3474 833 3517 ‘⁷
893 3475 1068 3533 Domi
1092 3494 1228 3535 vero
1253 3474 1426 3533 etiam
1452 3473 1819 3533 contumelias
1847 3492 2141 3535 servorum

197 3555 648 3644 ancillarumque
689 3564 942 3644 pertulit,
968 3572 1039 3624 ut
1076 3564 1152 3623 ad
1190 3564 1251 3624 id
1289 3564 1612 3643 aliquand0,
1654 3564 1810 3644 quod
1855 3565 2139 3645 cupiebat,

198 3652 436 3714 veniret.
505 3653 597 3714 At
617 3654 794 3735 Aiax,
816 3658 939 3735 ‘quo
964 3655 1152 3734 animo
1176 3655 1441 3725 traditur,
1457 3656 1659 3717 millies
1686 3662 1964 3739 oppetere
1988 3674 2138 3717 mor-

1188 3743 1269 3804 4*
