2592 4142
948 278 1223 321 mnan.
1305 277 1441 320 ou».
1482 280 1538 321 x.
1615 338 1619 341 .
1804 240 1847 336 ⁶,
2172 258 2253 324 δῖ

207 417 270 471 et
312 409 506 490 specie
548 425 656 468 sua
695 414 1032 477 commovet,
1060 407 1415 486 maximeque
1454 408 1617 486 quasi
1656 406 1913 487 perlucet
1937 427 2010 470 ex
2047 408 2148 479 eis,

209 520 355 580 quas
397 498 855 567 commemoravi,
883 498 1236 568 virtutibus.
1273 498 1489 557 idcirco
1529 497 1673 566 illos,
1715 498 1773 556 in
1813 498 2018 594 quibus
2054 517 2157 558 eas

209 583 453 654 virtutes
479 608 606 648 esse
633 607 841 656 remur,
871 606 908 645 a
932 594 1137 647 natura
1175 588 1314 691 ipsa·
1332 565 1567 668 diligere
1593 588 1868 667 cogimur.
1949 571 2149 682 Atque
2177 586 2212 647 ’1

208 682 306 740 hae
351 665 586 759 quidem
628 696 818 737 causae
860 677 1132 756 diligendi
1157 678 1541 784 gravissimas:
1583 684 1826 757 possunt
1850 677 2000 738 enim
2025 697 2174 796 praa·

208 778 371 831 terea
395 765 688 887 nonnullae
716 787 841 827 esse
866 767 1123 828 leviores.

288 926 376 984 F·
357 948 378 986 1
393 927 435 985 d
452 945 486 986 e
502 945 533 985 s
574 881 766 985 autem
802 931 870 996 ut
893 889 1207 995 habeatur,
1235 925 1460 985 duabus
1496 926 1668 986 rebus
1693 925 1839 986 effici
1865 931 2074 1006 potest,
2103 925 2152 990 si
2179 930 2217 985 8

209 1015 663 1098 existimabimur
701 1015 913 1093 adepti
938 1035 1064 1094 conJ
1051 1015 1305 1073 unctam
1344 1034 1476 1075 cum
1510 1016 1732 1094 justitia
1771 1015 2148 1095 prudentiam.

210 1107 369 1166 Nam
397 1113 458 1164 et
481 1106 549 1164 iis
576 1104 750 1163 fidem
777 1105 1076 1175 habemus,
1105 1123 1250 1182 quos
1294 1105 1427 1186 plus
1470 1105 1798 1186 intelligere,
1825 1121 2005 1184 quam
2026 1124 2149 1174 nos,
2178 1111 2215 1165 9

211 1195 573 1265 arbitramur,
602 1213 859 1272 quosque
899 1201 960 1253 et
1000 1194 1197 1254 futura
1238 1195 1562 1281 prospicere
1607 1196 1907 1266 credimu8‚
1935 1200 1996 1255 et
2022 1214 2152 1253 cum

209 1303 306 1345 res
333 1292 545 1365 agatur
571 1284 629 1342 in
657 1284 1069 1363 discrimenque
1093 1291 1329 1344 ventum
1369 1285 1459 1354 sit,
1490 1285 1758 1364 expedire
1785 1304 1906 1346 rem
1931 1291 1993 1343 et
2019 1303 2152 1346 con-

211 1374 402 1437 silium
423 1393 496 1433 ex
516 1380 779 1453 tempore
799 1393 1006 1456 capere
1033 1392 1220 1452 posse.
1255 1406 1274 1424 ·
1302 1375 1470 1436 Hanc
1497 1376 1648 1436 enim
1674 1375 1872 1435 utilem
1897 1374 2154 1434 homines

211 1465 541 1524 existimant
566 1482 873 1543 veramque
899 1463 1279 1546 prudentiam.
1363 1465 1404 1525 J
1405 1466 1548 1540 ustis
1587 1473 1781 1525 autem
1808 1472 1868 1525 et
1894 1465 2021 1524 fidis
2046 1464 2148 1523 110-
2182 1469 2258 1523 19

209 1554 479 1623 11111111)113,
498 1553 557 1612 id
587 1561 675 1612 est
700 1554 863 1613 bonis
883 1553 1033 1622 viris,
1050 1554 1131 1613 ita
1156 1554 1300 1613 fides
1327 1555 1590 1625 habetur,
1618 1555 1868 1628 utnulla
1894 1555 1968 1614 sit
1985 1554 2045 1613 in
2062 1554 2153 1613 his

209 1644 433 1703 fraudis
455 1643 795 1723 injuriaeque
822 1643 1085 1722 suspici0.
1151 1645 1358 1723 Itaque
1387 1646 1476 1703 his
1504 1645 1747 1704 salutem
1771 1644 2154 1714 nostramrhis

210 1735 491 1803 fortunas,
507 1733 599 1792 his'
624 1734 847 1801 liberos,
865 1733 1174 1793 rectissime
1200 1735 1477 1794 committi
1503 1735 1858 1795 arbitramur.
1927 1735 2153 1794 Harum
2181 1738 2257 1793 11

209 1824 392 1903 igitur
412 1823 656 1882 du‘arum
677 1824 752 1881 ad
773 1817 946 1890 fidem
966 1823 1285 1884 faciendam
1309 1824 1529 1902 justitia
1547 1824 1679 1902 plus
1700 1825 1912 1901 pollet:
1940 1824 2153 1904 quippe
2212 1865 2221 1874 -

212 1934 358 1973 cum-
398 1932 469 1972 ea
514 1914 633 1982 sine
675 1913 976 1992 prudentia
1015 1913 1152 1972 satis
1190 1914 1404 1972 habeat
1442 1914 1810 1984 auctoritatis,
1853 1912 2154 1991 prudentia

212 2004 333 2063 sine
358 2003 581 2082 justitia
606 2002 744 2061 nihil
771 2003 966 2069 valeat,
986 2002 1063 2061 ad
1088 2002 1407 2061 faciendam
1435 2003 1637 2082 fidem.⁴
1697 2003 1826 2080 Quo
1852 2001 2003 2068 enim
2028 2003 2153 2080 quis
2183 2008 2257 2063 12

211 2094 501 2154 versutior
527 2100 589 2151 et
614 2092 870 2151 callidior
909 2099 1016 2161 est,
1045 2092 1156 2151 hoc
1196 2092 1424 2152 invisior
1450 2100 1511 2152 et
1537 2093 1866 2172 suspectior,
1897 2093 2155 2152 detracta
2168 2136 2185 2140 -

213 2183 480 2262 opinione
506 2181 820 2260 probitatis,
895 2182 1092 2251 Quam
1113 2183 1189 2242 01)
1217 2202 1340 2241 rem
1365 2183 1751 2264 intelligentiae
1772 2183 1996 2262 justitia
2021 2201 2153 2243 con·
2184 2188 2260 2243 13

208 2273 435 2352 juncta,
465 2279 741 2350 quantum
770 2271 942 2339 volet,
971 2271 1206 2331 habebit
1242 2273 1323 2358 ad
1354 2274 1677 2333 faciendam
1714 2274 1888 2334 fidem
1915 2274 2154 2344 virium:

209 2362 438 2441 justitia
464 2361 582 2420 sine
610 2360 913 2441 prudentia
937 2363 1183 2462 multum
1220 2345 1470 2442 poterit3
1511 2364 1628 2425 sine
1650 2364 1869 2443 justitia
1894 2364 2033 2425 nihil
2057 2382 2155 2426 va-

213 2452 361 2512 lebit
387 2451 1851 2531 prudentia..
2124 2493 2131 2501 .

295 2610 373 2668 X.
399 2609 520 2668 Sed
547 2627 619 2667 ne
645 2609 770 2686 quis
797 2609 871 2667 sit
895 2610 1224 2679 admiratus,
1255 2630 1373 2679 cur,
1404 2629 1536 2670 cum
1572 2609 1719 2667 inter
1754 2628 1947 2672 omnes
1974 2608 2159 2689 philo·

216 2700 434 2778 sophos
453 2706 698 2770 constet,
729 2719 765 2757 a
791 2717 997 2778 meque
1023 2701 1150 2778 ipso
1178 2720 1335 2779 saepe
1363 2700 1719 2778 disputatum
1748 2700 1841 2774 sit,
1855 2699 1958 2779 qui
1984 2717 2158 2762 unam

211 2790 474 2858 haberet,
495 2809 692 2848 omnes
717 2790 931 2850 habere
948 2790 1205 2859 virtutes,
1226 2810 1375 2856 nunc
1397 2790 1478 2848 ita
1504 2789 1820 2869 sejungam,
1839 2790 2001 2869 quasi
2026 2809 2158 2869 pos-

216 2880 293 2939 sit
319 2880 639 2958 quisquam,
669 2879 766 2956 qui
792 2899 905 2937 non
932 2879 1084 2938 idem
1111 2880 1364 2958 prudens
1392 2880 1479 2949 sit,
1505 2880 1696 2959 justus
1729 2899 1888 2942 esse:
1932 2881 2042 2940 alia
2068 2888 2160 2945 est

214 2969 333 3039 illa,
365 2989 496 3027 cum
521 2969 728 3028 veritas
754 2969 881 3048 ipsa
906 2965 1135 3028 limatur
1160 2970 1220 3030 111
1246 2970 1645 3048 disputatione,
1675 2972 1992 3041 subtilitas;
2031 2972 2161 3041 alia,
2187 2975 2223 3029 2

216 3079 357 3119 cnm
385 3058 460 3117 ad
486 3059 804 3137 opinionem
833 3050 1194 3122 communem
1235 3061 1416 3118 omnis
1458 3061 1923 3145 accommodatur
1958 3061 2156 3128 oratio‘.

216 3149 413 3219 Quam
440 3149 515 3207 ob
540 3167 679 3217 rem,
710 3156 779 3207 ut
804 3149 1031 3228 vulgus,
1059 3149 1140 3208 ita
1164 3169 1269 3212 nos
1295 3151 1408 3209 hoc
1447 3150 1577 3209 loco
1602 3150 1900 3226 loquimur,
1928 3156 1995 3208 ut
2020 3149 2160 3206 alios
2187 3154 2224 3207 3
2266 3140 2271 3146 ’

214 3238 417 3306 fortes,
439 3237 577 3296 alios
597 3238 747 3297 viros
768 3239 963 3308 bonOS,
987 3238 1124 3298 alios
1152 3239 1465 3317 prudentes
1486 3258 1610 3296 esse
1638 3237 1912 3296 dicamus.
1970 3238 2165 3316 Popu-
2187 3240 2227 3296 4

215 3328 437 3388 laribus
481 3327 630 3387 enim
654 3317 843 3387 verbis
882 3336 971 3387 est
1011 3329 1318 3408 agendum,
1350 3334 1411 3385 et
1436 3327 1673 3395 usitatiS,
1704 3346 1836 3385 cum
1860 3326 2164 3405 loquamur

215 3417 294 3476 de
322 3417 584 3495 opinione
613 3419 893 3499 populari,
917 3418 1087 3497 idque
1109 3414 1313 3480 eodem
1334 3416 1507 3476 modo
1527 3417 1664 3478 fecit
1683 3416 1988 3500 Panaetius.
2045 3415 2165 3486 Sed

216 3506 298 3565 ad
326 3508 683 3585 propositum
709 3516 1078 3567 revertamur.

251 3681 256 3686 -
300 3639 446 3700 Erat
489 3640 667 3721 igitur
712 3661 786 3701 ex
831 3641 1031 3711 tribuS,
1080 3660 1212 3720 quae
1256 3641 1335 3702 ad
1373 3641 1614 3721 gloriam
1652 3640 2012 3721 pertinerent,
2051 3640 2164 3703 hoo
2188 3648 2230 3705 ὅ
