2592 4142
232 252 313 309 20
1064 268 1141 309 mr
1183 267 1441 310 ormons

270 402 306 454 3
335 393 567 474 plicium
593 397 777 456 redire
803 399 1020 466 maluit,
1051 417 1226 476 quam
1250 398 1426 457 fidem
1451 398 1603 457 hosti
1630 397 1826 457 datam
1851 394 2066 458 fallere.
2137 396 2282 480 [Se-

334 483 523 544 cundo
560 493 755 544 autem
794 488 1011 545 Punico
1051 488 1217 556 beno,
1247 494 1381 565 post
1422 488 1777 546 Cannensem
1818 507 2094 567 pugnam,
2125 509 2282 568 quos

334 574 535 634 decem
561 576 847 636 Hannibal
872 577 1120 635 Romam
1146 577 1407 635 astrictos
1433 577 1586 635 misit
1606 577 1737 655 jure
1759 576 2010 656 jurando
2037 568 2099 637 se
2119 578 2278 638 redi-

334 670 494 724 turos
521 684 664 735 esse,
691 665 796 724 nisi
835 666 909 726 de
947 665 1291 725 redimendis
1317 665 1402 735 iis»,
1428 665 1527 744 qui
1566 666 1720 744 eapti
1759 673 1940 736 erant,
1967 667 2274 745 impetras-

334 759 462 812 sent
474 773 490 822 3
530 772 629 813 eos
668 774 883 824 omnes,
913 774 1193 825 censores,
1222 754 1414 833 quoad
1460 755 1700 834 quisque
1739 773 1937 814 eorum
1979 756 2133 825 vixit,
2164 757 2269 834 qui

337 843 705 921 pejerassent‚
742 845 801 903 in
848 845 1057 905 aerariis
1110 834 1475 923 reliquerunt.
1557 845 1682 903 Nec
1728 845 1916 903 minus
1960 844 2136 913 illum,
2167 844 2282 924 qui

269 935 307 989 4
327 932 473 1009 juris
507 932 738 1012 jurandi
774 933 977 993 fraude
1016 934 1247 1013 culpam
1286 933 1595 993 invenerat.
1679 933 1831 992 Cum
1863 933 2014 991 enim
2050 933 2269 992 Hanni·

332 1022 474 1081 balis
516 1010 795 1100 pei-missu
820 1011 1028 1082 exisset
1067 1024 1142 1082 de
1168 1022 1388 1091 eastriS,
1414 1022 1583 1081 rediit
1622 1022 1796 1101 paulo
1835 1029 1985 1100 post,
2017 1022 2173 1100 quod
2202 1042 2267 1081 se

268 1118 304 1169 5
333 1111 572 1170 oblitum
595 1112 786 1171 nescio
813 1112 952 1190 quid
978 1112 1208 1172 diceret.
1291 1111 1515 1171 Deinde
1544 1130 1810 1190 egressus
1836 1130 1868 1170 e
1890 1112 2106 1180 eastris,
2131 1112 2268 1189 jure

327 1200 574 1278 jurando
612 1219 675 1260 se
713 1202 966 1260 solutum
1005 1201 1265 1279 putabat.
1346 1201 1426 1258 Et
1465 1208 1589 1259 erat
1627 1200 1833 1269 verbis,
1861 1219 1925 1259 re
1962 1219 2078 1258 non
2117 1207 2263 1261 erat.

163 1313 176 1369 ῃ
268 1292 304 1347 6
333 1289 574 1368 Semper
599 1297 792 1348 autem
816 1290 877 1347 in
902 1290 1032 1358 fide,
1063 1289 1203 1367 quid
1243 1289 1500 1357 senserim
1529 1308 1645 1348 non
1670 1289 1810 1367 quid
1850 1288 2077 1358 dixeriS„
2108 1289 2265 1368 cogi-

270 1377 303 1437 '7
331 1378 588 1436 tandum.
655 1378 969 1436 Maximum
994 1384 1188 1435 autem
1214 1378 1541 1456 exemplum
1568 1382 1658 1437 est
1678 1377 1932 1456 justitiae
1957 1378 2017 1437 in
2041 1378 2272 1438 hostem

333 1484 371 1524 a
407 1468 719 1544 majoribus
770 1466 975 1524 nostris
1033 1467 1422 1536 constitutum,
1469 1485 1602 1526 oum
1654 1485 1691 1524 a
1740 1467 1970 1545 Pyrrho
2023 1467 2271 1546 perfuga

333 1556 552 1614 senatui
590 1563 679 1615 est
724 1555 1024 1634 pollicituS,
1070 1575 1132 1614 se
1185 1575 1469 1615 venenum
1522 1555 1645 1635 regi
1700 1555 1988 1625 daturum,
2030 1563 2090 1615 et
2128 1575 2266 1615 eum

332 1652 681 1704 necatmum.
764 1644 1009 1704 Senatus
1036 1652 1096 1704 et
1137 1645 1202 1704 0.
1232 1645 1528 1705 Fabricius
1549 1702 1554 1713 ,
1566 1645 1868 1724 perfugam
1906 1645 2134 1725 Pyrrho
2163 1644 2266 1703 de-

270 1740 306 1793 s
334 1733 496 1793 didit.
566 1735 671 1793 Ita
709 1726 780 1793 1'1e
818 1735 998 1793 hostis
1024 1735 1256 1813 quidem
1284 1741 1345 1793 et
1384 1734 1632 1813 potentis
1660 1741 1721 1792 et
1761 1734 1974 1792 benum
2002 1735 2156 1795 ultro
2182 1733 2267 1791 in-

331 1823 564 1882 ferentis
604 1824 892 1883 interitum
928 1844 1059 1883 oum
1099 1824 1312 1883 scelere
1339 1820 1724 1903 approbavit]
1804 1823 1897 1882 Ao
1938 1822 2012 1882 de
2050 1823 2298 1885 bellicis-

332 1913 564 1990 quidem
590 1914 782 1973 officiis
809 1914 946 1972 satis
974 1913 1193 1974 dietum
1219 1920 1326 1973 est.

269 2006 359 2061 9
411 2003 831 2062 Meminerimus
858 2011 1067 2073 autem,
1090 2003 1263 2061 etiam
1291 1976 1565 2060 adversus
1590 2000 1811 2060 infimos
1833 2000 2113 2081 justitiam
2139 2021 2266 2062 esse

334 2091 688 2151 servandam.
769 2093 877 2149 Est
902 2099 1095 2150 autem
1121 2092 1314 2149 infima
1341 2090 1590 2149 conditio
1618 2097 1678 2150 et
1695 2091 1925 2149 fortuna
1952 2108 2263 2161 servorum,

332 2179 536 2257 quibus
574 2199 689 2238 non
725 2181 873 2238 male
914 2180 1260 2258 praecipiunt
1296 2180 1395 2258 qui
1450 2179 1531 2238 ita
1571 2180 1780 2257 jubent
1817 2180 1903 2238 uti
1940 2187 2009 2239 ut
2046 2198 2262 2240 meroe-

231 2273 306 2327 10
333 2269 516 2337 uariis,
565 2288 799 2346 operam
859 2269 1217 2347 exigendam,
1240 2268 1401 2348 justa
1442 2268 1774 2348 praebenda
1874 2269 2026 2328 Cum
2069 2276 2264 2329 autem
2351 2285 2356 2291 '

338 2356 565 2416 duobus
603 2357 804 2425 modis,
833 2356 893 2415 id
933 2365 1022 2416 est
1059 2365 1162 2416 aut
1199 2359 1256 2416 vi
1295 2365 1400 2417 aut
1436 2358 1658 2426 fraude,
1687 2358 1790 2415 fiat
1826 2357 2065 2436 injuria,
2050 2377 2063 2393 ·
2104 2358 2263 2418 fraus

336 2446 501 2524 quasi
541 2445 882 2525 vulpeculae,
911 2446 997 2506 vis
1032 2447 1208 2507 leonis
1234 2447 1493 2507 videtur.
1542 2453 1850 2524 utrumque
1876 2446 2103 2506 homine
2128 2446 2260 2506 alie-

29 2581 155 2664 m
184 2534 531 2684 azam
587 2536 1642 2728 ιεθέιξῑιςὼιξξιῑῑῑιεεω,
1670 2536 2259 2702 {simmia

140 2646 158 2663 ·
1006 2646 1037 2684 r

331 2713 482 2773 xime
505 2714 728 2783 fallunt,
750 2714 811 2773 id
836 2722 1035 2793 agunt,
1055 2721 1123 2774 ut
1147 2715 1253 2774 viri
1278 2714 1413 2774 boni
1438 2732 1565 2773 esse
1584 2713 1901 2774 videantur.
1980 2713 2073 2773 De
2093 2713 2260 2793 justi-

331 2803 414 2862 tia
440 2802 575 2862 satis
603 2802 822 2862 dietum
849 2809 954 2863 est.

410 2978 559 3039 XIV
559 3025 591 3039 ‚s
615 2978 920 3058 Deinoe'PS,
946 2985 1015 3039 ιιι
1041 2986 1164 3039 erat
1188 2980 1568 3060 propositum,
1600 2978 1674 3039 de
1714 2979 2152 3040 beneficentia
2189 2999 2258 3039 ao

334 3070 408 3129 de
433 3069 838 3129 liberalitate
859 3068 1109 3137 dicatum
1137 3089 1251 3147 qua
1270 3069 1502 3147 quidem
1521 3069 1656 3127 nihil
1672 3076 1762 3128 est
1778 3075 2000 3127 naturae
2017 3069 2259 3128 hominis
2325 3090 2332 3093 *

267 3166 302 3220 2
333 3158 843 3219 accommodatius:
885 3159 990 3218 sed
1016 3158 1195 3217 habet
1220 3159 1430 3235 multas
1457 3158 1764 3218 cautiones.
1817 3158 2149 3217 Videndum
2169 3163 2259 3216 est

329 3249 480 3309 enim
522 3248 786 3326 primum,
813 3267 886 3306 ne
929 3248 1079 3308 obsit
1120 3247 1458 3326 benignitas,
1499 3254 1561 3305 et
1604 3247 1670 3306 iis
1715 3246 1869 3326 ipsiS,
1911 3247 2117 3325 quibus
2158 3247 2257 3305 be-

329 3338 499 3417 nigne
524 3337 813 3397 videbitur
836 3337 972 3406 fieri,
1003 3344 1065 3395 et
1091 3337 1328 3396 ceteris:
1371 3336 1593 3404 deinde,
1620 3356 1692 3395 ne
1730 3337 1914 3415 maj0r
1939 3335 2258 3415 benignitas

330 3427 421 3494 sit,
452 3444 626 3503 quam
650 3427 988 3485 facultates:
1031 3433 1172 3494 turn,
1192 3432 1394 3503 ut'pro
1422 3425 1698 3504 dignitate
1726 3424 1927 3504 cuique
1954 3425 2255 3484 tribuatur.

331 3515 405 3574 Id
431 3515 580 3574 enim
605 3522 696 3573 est
728 3515 970 3595 justitiae
999 3514 1458 3584 fundamentum,
1486 3514 1563 3578 ad
1590 3533 1763 3594 quam
1801 3515 1933 3576 haeo
1957 3512 2259 3574 referenda

330 3611 465 3665 sunt
486 3603 693 3663 emnia.
