2592 4142
904 298 913 305 κ
997 288 1170 332 mna
1193 291 1236 332 1.
1318 289 1452 335 car.
1480 291 1576 333 xx.
2226 271 2304 335 2¹1
2347 260 2354 265 ’

272 417 482 479 tinacia
520 425 581 478 et
617 417 789 477 nimia
830 418 1108 497 cupiditas
1151 419 1499 499 principatus
1524 416 1862 481 innascitur.
1926 419 2013 479 Ut
2052 418 2200 479 enim
2226 419 2263 482 ’1

272 508 436 587 apud
480 509 786 568 Platonem
827 516 933 577 est,
985 528 1209 569 omnem
1253 529 1472 569 morem
1519 509 2079 571 Lacedaemoniorum
2115 510 2197 569 in·

272 599 632 665 flammatum
669 616 795 658 esse
836 599 1171 702 cupiditate
1185 599 1479 659 vincendi:
1521 598 1619 668 sic,
1655 607 1727 665 ut
1761 600 2002 678 quisque
2028 600 2197 660 am'mi
2241 610 2244 615 '

254 689 662 792 magnitudine
727 689 997 747 maxime
1014 688 1254 758 excellit,
1305 689 1391 747 ita
1447 690 1692 748 maxime
1743 690 1870 749 vult
1934 690 2197 769 princeps

272 778 524 839 omnium
565 778 659 838 vel
705 777 896 856 potius
941 778 1117 836 solus
1142 796 1285 837 esse.
1387 777 1625 839 Difficile
1669 786 1864 839 autem
1916 786 2024 849 est,
2065 799 2198 840 cum
2223 786 2262 840 8

271 875 552 947 praestare
593 868 855 927 omnibus
892 867 1259 946 concupieris,
1301 885 1527 927 servare
1566 868 1909 948 aequitatem,
1937 887 2072 950 quae
2106 876 2199 929 est

256 958 509 1062 justitioe
532 958 777 1017 maxime
804 956 1052 1036 propria.
1131 957 1223 1015 Ex
1239 975 1357 1035 quo
1381 957 1464 1026 fit,
1485 960 1553 1016 ut
1579 977 1764 1043 neque
1789 957 2195 1038 disceptatione
2223 964 2260 1020 9

270 1047 420 1106 vinci
458 1066 522 1106 se
559 1064 669 1106 nec
701 1046 823 1106 ullo
860 1046 1091 1125 publico
1128 1064 1225 1105 ac
1243 1046 1499 1126 legitimo
1532 1046 1663 1125 jure
1701 1048 2023 1126 patiantur.
2078 1048 2194 1109 exi-

270 1142 547 1215 smtque
581 1136 640 1194 in
673 1154 738 1195 re
772 1135 1007 1239 publica
1043 1136 1381 1214 plerumque
1421 1135 1718 1215 largitores
1751 1144 1813 1196 et
1852 1137 2087 1208 factiosi,
2126 1144 2198 1198 u't

270 1244 414 1305 opes
439 1244 613 1306 quam
649 1226 927 1299 maximas
952 1232 1383 1326 consequantur,
1412 1231 1473 1285 et
1509 1226 1624 1285 sint
1647 1225 1704 1286 vi
1728 1227 1919 1305 potius
1943 1228 2195 1306 mperio-

267 1335 379 1385 res,
400 1334 573 1393 quam
592 1314 813 1395 justitia
838 1332 1023 1393 pan-es·
1104 1314 1239 1374 Sed
1248 1310 1368 1394 'quo'
1390 1314 1682 1385 difficilius,
1710 1316 1822 1376 hoc
1848 1317 2192 1395 praeclarius.
2224 1323 2300 1378 10

268 1406 513 1465 Nullum
533 1405 683 1464 enim
708 1410 799 1464 est
824 1411 1072 1507 tempus,
1087 1404 1244 1481 quod
1262 1406 1486 1483 justitia
1503 1424 1706 1465 vacare
1725 1405 1952 1467 debeat.
1993 1407 2196 1467 Fortes
2225 1414 2297 1469 11

266 1494 443 1577 igitur
480 1501 543 1554 et
581 1493 927 1598 magnanimi
962 1499 1098 1552 sunt
1138 1493 1405 1564 habendi,
1432 1514 1548 1555 non
1572 1494 1671 1574 qui
1707 1495 1939 1566 faciunt,
1967 1497 2072 1556 sed
2097 1497 2197 1575 qui

268 1583 642 1664 propulsant
626 1582 927 1662 injuriam.
965 1582 1121 1642 Vera
1138 1591 1334 1643 autem
1351 1592 1412 1643 et
1431 1584 1655 1664 sapiens
1675 1585 1844 1645 animi
1861 1586 2197 1665 magnitudo

266 1675 575 1736 honestum
615 1672 776 1741 illud,-
802 1671 959 1752 quod
999 1672 1242 1733 maxime
1267 1679 1475 1733 natura
1512 1674 1783 1752 sequitur,
1812 1673 1872 1734 in
1895 1672 2063 1735 factis
2088 1695 2194 1756 po·
2321 1740 2322 1745 ,

267 1763 463 1834 situm,
489 1782 606 1823 non
644 1762 704 1821 in
742 1761 928 1842 gloria
958 1761 1197 1840 judicat,
1226 1762 1652 1841 principemque
1690 1782 1754 1823 se
1793 1782 1920 1823 esse
1956 1765 2194 1835 mavult,

265 1870 446 1933 quam
480 1852 676 1913 videri.
755 1852 985 1911 Etenim
1023 1852 1122 1930 qui
1158 1866 1233 1911 ex
1275 1869 1470 1911 errore
1502 1851 1782 1930 imperitae
1819 1853 2196 1915 multitudinis
2225 1859 2298 1913 12

267 1943 508 2023 pendet,
528 1942 623 2002 hic
649 1942 709 2000 in
733 1941 958 2020 magnis
976 1941 1109 1999 viris
1134 1946 1366 2000 non—est
1389 1940 1705 2001 habendus.
1789 1940 2075 2003 Facillime
2095 1961 2194 2002 au·
2225 1949 2298 2004 13

267 2041 392 2093 tem
428 2032 634 2092 ad-res
666 2030 907 2109 injustas
944 2029 1379 2113 impellitursut
1417 2028 1655 2109 quisque
1697 2029 1970 2090 altissimo
2007 2031 2195 2091 animo

268 2130 380 2193 est,
420 2122 619 2203 gloriae
634 2142 641 2151 ²
657 2120 988 2201 cupiditate.
1071 2119 1184 2189 Qui
1221 2121 1384 2179 locus
1423 2125 1513 2179 est
1550 2138 1689 2179 sane
1724 2119 1992 2190 lubricus,
2040 2121 2198 2201 quod

265 2214 367 2274 vix
390 2213 691 2281 invenitur,
712 2211 829 2290 qui,
856 2209 1147 2271 laboribus
1172 2209 1453 2289 susceptis
1478 2208 1854 2289 pericul'mque
1878 2210 2063 2282 aditis,
2082 2229 2198 2272 non

266 2302 437 2385 quasi
459 2301 782 2363 mercedem
804 2317 997 2360 rerum
1022 2306 1317 2380 gestarum
1341 2299 1627 2360 desideret
1649 2298 1903 2380 gloriam.

349 2483 499 2544 XX(
518 2480 764 2542 Omnino
780 2480 941 2539 fortis
956 2478 1173 2540 animus
1193 2486 1253 2539 et
1269 2498 1514 2560 magnus
1529 2478 1753 2541 duabus
1771 2480 1941 2541 rebus
1956 2479 2198 2540 maxime

270 2574 556 2634 cernitur:
597 2590 842 2650 quarum
867 2589 983 2629 una
1008 2569 1067 2629 in
1090 2589 1284 2629 rerum
1307 2566 1667 2631 externarum
1701 2568 2069 2671 despicientia
2094 2588 2196 2648 po-

270 2665 444 2733 nitur,
487 2682 620 2721 cum
664 2678 1000 2739 persuasum
1041 2659 1133 2728 sit,
1172 2658 1313 2717 nihil
1349 2656 1653 2727 hominem,
1680 2658 1786 2716 nisi
1825 2657 1982 2736 quod
2023 2659 2199 2718 hone·

271 2760 430 2813 stum
455 2752 837 2828 decorumque
877 2749 968 2819 sit,
996 2756 1099 2808 aut
1136 2748 1403 2809 admirari
1440 2754 1542 2807 aut
1579 2755 1778 2827 optare
1804 2754 1905 2807 aut
1932 2754 2199 2828 expetere

272 2849 555 2922 oportere,
584 2839 836 2918 nullique
881 2858 1065 2917 neque
1103 2837 1320 2898 homini
1356 2856 1541 2916 neque
1583 2838 1993 2919 perturbationi
2029 2838 2200 2897 animi

264 2951 380 2991 nec
408 2931 652 2990 fortunae
678 2929 1064 2988 succumbere.
1144 2928 1351 2987 Altera
1376 2935 1478 2987 est
1499 2947 1607 2997 ree,
1636 2935 1721 2998 ut,
1748 2948 1880 2988 cum
1905 2928 1987 2988 ita
2011 2928 2088 2986 sis
2114 2927 2196 2986 af·
2224 2932 2262 2988 2

258 3022 463 3081 -feetus
501 3020 706 3088 animo,
733 3025 801 3077 ut
826 3037 1001 3096 supra
1027 3018 1160 3087 dixi,
1188 3037 1298 3077 res.
1320 3036 1488 3097 geras
1526 3037 1764 3098 magnas
1803 3018 1930 3077 illas
1968 3017 2200 3096 quidem

273 3117 338 3170 et
360 3110 607 3169 maxime
630 3108 817 3178 utiles.
845 3107 948 3169 sed
975 3115 1042 3167 ut
1065 3109 1432 3167 vehementer
1456 3107 1668 3168 arduas
1690 3107 2003 3186 plenasque
2039 3106 2197 3166 labo·

271 3218 406 3258 rum
448 3204 510 3257 et
554 3198 933 3277 periculorum
973 3212 1105 3256 cum
1144 3197 1277 3256 vitae
1322 3204 1446 3255 tum
1488 3195 1796 3255 multarum
1835 3214 2041 3263 rerum,
2070 3212 2201 3272 quae

273 3288 354 3347 ad
379 3288 557 3346 vitam
584 3287 884 3366 pertinent.
966 3287 1189 3345 Harum
1221 3304 1412 3347 rerum
1437 3285 1679 3344 duarum
1706 3284 1977 3362 splendor
2002 3283 2198 3352 omnis,
2228 3290 2265 3343 3

275 3377 619 3455 amplitudo,
647 3377 801 3435 addo
840 3376 1010 3437 etiam
1050 3375 1372 3442 utilitatem,
1415 3375 1482 3437 in,
1517 3374 1826 3453 posteriore
1865 3380 1987 3431 est:
2030 3389 2203 3433 causa

275 3474 476 3525 autem
503 3473 564 3524 et
589 3464 737 3526 ratio
756 3466 998 3527 efficiens
1025 3482 1266 3543 magnos
1285 3464 1435 3522 viros
1453 3472 1543 3522 est
1567 3464 1625 3522 in
1652 3463 1853 3542 priore.
1929 3463 2007 3521 'In
2024 3480 2094 3541 eo
2114 3468 2204 3522 est

275 3556 433 3614 enim
468 3556 631 3626 illud,
657 3556 819 3636 quod
854 3555 1197 3614 excellentes
1234 3554 1453 3615 animos
1480 3561 1541 3614 et
1564 3554 1818 3614 humana
1845 3558 2223 3613 contemnem-

280 3653 371 3704 ωε
390 3644 550 3706 facit.
644 3661 649 3665 ·
2101 3670 2110 3677 a
