2592 4142
980 272 1159 314 unsa
1175 274 1216 313 1.
1292 262 1434 314 'carn
1462 257 1631 315 xxm.
2225 257 2306 315 81

256 402 348 462 ‘Ut
374 401 525 461 enim
551 401 690 462 alios
718 403 995 471 omittam,
1021 403 1187 462 nobis
1225 420 1350 461 rem
1396 401 1688 481 publicam
1726 400 2198 481 gubernantibuS,
2228 405 2303 462 11

257 512 452 551 nonne
492 500 649 571 togae
695 512 859 551 arma
903 494 1197 553 cesserunt
1216 494 1259 551 ‘2’
1284 511 1473 570 neque
1512 491 1663 550 enim
1703 489 2020 570 periculum
2044 490 2104 550 in
2136 509 2202 550 re

258 582 497 661 publica
520 582 629 641 fuit
654 583 887 662 gravius
912 598 1182 660 unquam,
1208 601 1314 641 nec
1341 581 1529 660 majus
1555 582 1754 640 otium.
1836 582 1931 639 Ita
1957 579 2200 639 consiliis
2229 584 2304 639 12
2359 570 2364 577 ’

259 672 669 752 diligentiaque
706 680 906 732 nostra
932 672 1188 732 celeriter
1213 672 1289 730 de
1309 671 1571 731 manibus
1597 670 2099 730 audacissimorum
2123 668 2202 729 ci-

259 763 421 821 vium
447 762 685 841 delapsa
727 780 887 821 arma
923 761 1050 840 ipsa
1089 761 1433 821 ceciderunt.
1517 762 1663 832 Quae
1700 779 1793 819 res
1831 760 2007 840 igitur
2031 766 2202 839 gesta
2229 764 2306 820 18

258 868 517 929 unquam
544 851 603 910 in
629 851 782 911 bello
808 851 1012 910 tanta?
1053 851 1153 930 qui
1176 850 1514 928 triumphus
1533 850 1909 910 conferendus
1931 852 1959 909 ‘2
2039 849 2203 908 Licet
2311 865 2315 869 ·

259 942 415 1009 enim
440 941 596 1010 mihi,
625 941 822 1001 Marce
840 940 944 1009 fiii,
974 939 1136 1019 apud
1159 947 1220 999 te
1246 939 1490 1019 gloriari,
1513 940 1598 999 ad
1625 959 1799 1018 quem
1827 947 1887 1000 et
1912 939 2201 1007 hereditas

257 1031 440 1110 hujus
482 1030 683 1109 gloriae
724 1037 785 1091 et
826 1031 1110 1089 factorum
1148 1029 1393 1088 imitatio
1438 1029 1704 1108 pertinet,
1783 1029 1926 1088 Mihi
1967 1030 2201 1107 quidem
2231 1032 2307 1088 14

260 1129 422 1181 certe
460 1122 547 1180 vir
579 1120 878 1185 abundans
920 1119 1139 1179 bellicis
1184 1119 1453 1179 laudibus
1483 1119 1589 1178 On.
1630 1117 1959 1197 Pompeius,
1997 1119 2193 1177 multis

259 1210 640 1279 audientibus,
681 1211 794 1270 hoc
838 1210 1053 1278 tribuit,
1094 1215 1163 1268 ut
1198 1209 1440 1278 diceret,
1481 1209 1696 1269 frustra
1742 1228 1805 1267 se
1844 1208 2202 1286 triumphum

257 1301 497 1359 tertium
518 1300 952 1378 deportaturum
975 1298 1168 1367 fuisse,
1191 1298 1301 1357 nisi
1324 1296 1454 1357 meo
1478 1298 1539 1357 in
1562 1317 1686 1357 rem
1714 1298 2005 1377 publicam
2029 1298 2199 1359 bene-

259 1391 408 1459 ficio,
429 1389 532 1449 ubi
555 1390 1126 1469 triumpharet,·esset
1149 1388 1471 1448 habiturus.
1555 1388 1707 1448 Sunt
1730 1388 1908 1467 igitur
1934 1386 2200 1447 domesti-
2231 1391 2305 1451 15

259 1499 350 1540 cae
390 1479 748 1538 fortitudines
792 1494 908 1538 non
950 1478 1240 1538 inferiores
1277 1478 1652 1539 militaribus:
1709 1478 1769 1537 in
1814 1477 2022 1557 quibus
2068 1477 2203 1557 plus

259 1570 457 1639 etiam,
486 1588 660 1648 quam
683 1568 744 1629 in
768 1568 876 1638 his,
906 1585 1099 1647 operae
1124 1567 1413 1647 studiique
1442 1569 1774 1648 ponendum
1799 1575 1906 1628 est.
1946 1600 1952 1607 ·

188 1760 195 1767 ’
292 1770 300 1779 ⁴
341 1749 569 1808 XXHI.
614 1738 860 1818 Omnino
893 1746 1037 1807 illud
1079 1747 1406 1816 honestum,
1434 1747 1593 1826 quod
1632 1766 1705 1806 ex
1745 1747 1934 1807 animo
1977 1747 2203 1808 excelso

258 1839 677 1919 magnificoque
716 1838 1036 1916 quaerimus,
1065 1837 1238 1895 animi
1264 1837 1521 1905 efficitur,
1549 1856 1666 1896 non
1693 1838 1943 1915 corporis
1970 1838 2200 1897 viribus.

259 1929 663 1988 Exercendum
702 1935 895 1987 tamen
930 1946 1140 2030 corpus
1169 1933 1229 1985 et
1254 1926 1336 1985 ita
1360 1925 1721 1985 afficiendum
1747 1932 1850 1994 est,
1851 1933 1948 1984 'ut
1973 1926 2204 1986 obedire

261 2019 496 2078 oonsilio
521 2017 836 2096 rationique
875 2016 1058 2095 possit
1096 2016 1155 2074 in
1195 2015 1543 2094 exequendis
1570 2014 1812 2118 negotiis
1839 2014 1939 2072 et
1924 2035 1983 2074 m
2007 2015 2205 2075 labore

258 2108 575 2168 tolerando.
646 2107 968 2166 Honestum
994 2111 1190 2165 autem
1216 2106 1294 2175 id,
1324 2105 1482 2183 quod
1508 2104 1875 2185 exquirimus,
1897 2111 2088 2165 totum
2114 2112 2203 2165 est
2229 2112 2267 2166 2

259 2199 518 2278 positum
555 2198 615 2257 in
650 2196 824 2256 animi
862 2214 1002 2256 cura
1043 2203 1107 2255 et
1143 2196 1520 2274 cogitatione:
1541 2196 1621 2255 ιιι
1647 2214 1763 2274 quo
1789 2214 1905 2255 non
1929 2190 2204 2257 minorem

258 2288 568 2347 utilitatem
611 2287 873 2359 afferunt,
916 2287 1015 2365 qui
1057 2285 1246 2365 togati
1291 2286 1376 2347 rei
1421 2286 1668 2365 publicae
1713 2292 1986 2365 praesunt,
2028 2305 2204 2365 quam

259 2378 364 2457 qui
401 2377 619 2436 bellum
664 2381 890 2457 gerunt.
973 2376 1182 2454 Itaque
1228 2395 1427 2435 eorum
1470 2375 1702 2435 consilio
1745 2394 1900 2455 saepe
1947 2382 2051 2436 aut
2085 2395 2203 2435 non
2228 2383 2268 2436 3

259 2474 553 2546 suscepta,
581 2473 686 2525 aut
711 2466 974 2527 confecta
999 2465 1154 2525 bella
1178 2472 1331 2533 sunt,
1358 2483 1767 2544 nonnunquam
1794 2466 1967 2524 etiam
2005 2465 2164 2523 illata
2183 2483 2220 2523 :-

259 2565 331 2616 ut
356 2556 437 2616 M.
470 2556 703 2616 Catonis
729 2556 944 2616 bellum
971 2555 1205 2615 tertium
1231 2552 1534 2624 Punicum,
1561 2555 1622 2613 in
1647 2574 1765 2632 quo
1792 2554 1967 2612 etiam
1993 2553 2204 2613 mortui

259 2646 443 2706 valuit
467 2646 790 2705 auctoritas,
874 2646 1065 2716 Quare
1086 2643 1409 2722 expetenda
1428 2644 1661 2721 quidem
1686 2643 1869 2722 magis
1891 2649 1980 2701 est
2007 2642 2200 2703 decer·
2228 2648 2269 2703 4

258 2735 436 2805 nendi
461 2736 625 2804 ratio,
648 2754 823 2814 quam
852 2733 1183 2794 decertandi
1206 2730 1514 2793 fortitudo:
1556 2731 1660 2792 sed
1687 2732 2023 2801 cavendum,
2043 2752 2117 2792 ne
2142 2732 2204 2793 id

258 2826 515 2886 bellandi
532 2825 719 2904 magis
744 2824 906 2903 fuga,
929 2842 1103 2903 quam
1123 2822 1385 2883 utilitatis
1403 2822 1620 2891 ratione
1641 2822 1936 2887 faciamus,
1977 2823 2205 2884 Bellum

257 2923 459 2975 autem
505 2914 586 2975 ita
631 2915 990 2992 suscipiatur,
1031 2921 1105 2973 ut
1143 2912 1283 2971 nihil
1332 2912 1489 2972 aliud
1534 2913 1643 2972 nisi
1689 2931 1804 2993 pax
1843 2914 2083 2992 quaesita
2119 2914 2202 2974 vi-

258 3005 488 3077 deatur.
572 3003 760 3064 Fortis
787 3022 923 3064 vero
953 3010 1013 3063 et
1041 3003 1354 3063 constantis
1392 3010 1498 3071 est,
1528 3022 1643 3062 non
1682 3005 2006 3082 perturbari
2032 3004 2090 3062 in
2114 3022 2202 3063 re-
2231 3013 2267 3066 5
2332 3023 2335 3027 ’

257 3095 373 3155 bus
412 3093 649 3173 asperis,
677 3112 783 3153 nec
810 3092 1256 3153 tumultuantem
1301 3093 1376 3152 de
1413 3092 1601 3172 gradu
1640 3093 1827 3172 dejici,
1856 3099 1924 3150 ιιι
1961 3092 2203 3162 ᾶιοιιιιις

257 3184 367 3244 sed
408 3184 678 3264 praesenti
715 3184 907 3243 anim0
932 3183 1020 3242 uti
1045 3190 1106 3242 et
1133 3183 1384 3251 consilio,
1411 3201 1520 3242 nec
1559 3201 1595 3240 a
1631 3182 1852 3240 ratione
1892 3181 2230 3261 discedere.-

258 3277 626 3353 Quamquam
664 3274 776 3333 hoc
815 3274 1001 3343 animi,
1041 3273 1185 3333 illud
1225 3273 1398 3333 etiam
1436 3271 1645 3351 ingenii
1688 3271 1881 3349 magni
1922 3276 2027 3339 est,
2056 3289 2203 3349 prae-
2230 3276 2268 3331 6

259 3367 452 3446 cipere
479 3364 821 3444 cogitatione
848 3364 1059 3431 futura,
1089 3371 1150 3422 et
1175 3363 1465 3440 aliquanto
1507 3368 1641 3419 ante
1669 3360 2033 3429 constituere,
2064 3359 2203 3438 quid

258 3455 522 3515 accidere
560 3453 745 3533 possit
781 3454 841 3513 in
879 3461 1184 3531 utramque
1229 3458 1471 3530 partem,
1500 3456 1560 3510 et
1598 3448 1738 3528 quid
1782 3449 2071 3529 agendum
2108 3449 2201 3520 sit,

258 3565 395 3605 cum
422 3544 562 3622 quid
590 3544 873 3613 evenerit3
912 3563 1020 3604 nec
1047 3543 1420 3609 committere,
1447 3547 1517 3600 ut
1552 3539 1858 3619 aliquando
1897 3538 2206 3603 dicendum

257 3635 475 3695 sitnon
502 3642 797 3712 putaram.
880 3633 1029 3694 Haec
1055 3639 1192 3693 suut
1228 3649 1411 3712 opera
1447 3630 1841 3711 magnianimi
1878 3637 1940 3691 et
1974 3629 2201 3702 excelsi,
