2592 4142
915 292 1089 335 3131111
1116 298 1155 337 1.
1234 297 1372 338 cAP.
1402 297 1595 336 xxxlx.
2191 278 2272 335 49

216 427 430 486 cidunt
465 426 824 494 necessariae,
854 426 912 484 in
952 425 1159 503 quibus
1197 425 1478 483 utendum
1513 432 1607 482 est
1644 425 1885 482 fortasse
1925 429 1986 481 et
2011 421 2167 481 vocis

224 517 591 575 contentione
628 515 845 593 majore
885 522 944 572 et
983 514 1292 581 verborum
1326 515 1608 592 gravitate
1633 514 1866 581 acriore,
1892 511 1958 571 id
1996 518 2168 591 agen*-

225 605 369 664 dum
397 606 569 663 etiam
596 612 662 662 ut
689 623 757 662 ea
784 605 974 662 facere
1002 604 1294 661 videamur
1331 604 1493 662 irati:
1537 604 1639 661 sed
1680 610 1747 660 ut
1774 602 1848 660 ad
1884 601 2168 660 urendum

225 700 285 752 e‘t
314 694 645 761 secandum,
677 694 758 752 sic
785 694 879 751 ad
891 687 1002 751 hoc
1029 713 1210 796 genus
1251 692 1567 772 castigandi
1605 711 1733 750 raro
1772 691 2041 769 invitique
2069 709 2166 750 ve-

226 784 466 850 niemus,
523 802 630 843 nec
684 798 953 860 unquam,
1009 783 1115 847 nisi
1167 782 1499 849 necessario,
1548 782 1597 840 si
1649 782 1804 841 nulla
1856 781 2170 859 reperietur

224 874 337 931 alia
383 872 677 933 medicina.
761 871 879 931 Sed
911 878 1115 930 tamen
1152 872 1235 929 ira
1275 870 1477 948 procul
1515 871 1684 939 absit,
1716 890 1849 935 cum
1875 889 1991 949 qua
2028 869 2169 928 nihil

227 967 381 1020 recte
409 961 548 1029 fieri,
575 958 712 1019 nihil
738 960 1091 1019 considerate
1119 966 1328 1038 potest.
1411 959 1684 1038 Magnam
1721 966 1917 1018 autem
1944 965 2169 1038 partem
2190 962 2235 1016 ’4

227 1050 495 1110 clementi
521 1050 891 1129 castigatione
920 1049 1053 1108 licet
1072 1049 1174 1118 uti,
1194 1049 1479 1127 gravitate
1497 1056 1689 1107 tamen
1707 1049 2014 1128 adjuncta,
2023 1055 2092 1106 ut
2109 1053 2171 1109 et

225 1141 502 1199 severitas
528 1139 886 1207 adhibeatur,
909 1144 970 1197 et
997 1138 1340 1197 contumelia
1364 1138 1689 1216 repellatur,
1769 1139 1971 1215 Atque
1997 1137 2169 1195 etiam
2196 1143 2233 1196 5

224 1229 371 1289 illud
398 1230 605 1307 ipsum,
634 1228 791 1306 quod
818 1228 1142 1287 acerbitatis
1171 1228 1347 1286 habet
1374 1227 1717 1306 objurgatiO,
1735 1226 2171 1306 significandum

224 1326 334 1387 est,
356 1319 535 1397 ipsius
560 1318 621 1377 id
640 1337 830 1386 causa,
853 1317 952 1395 qui
977 1317 1330 1396 objurgetur,
1354 1334 1480 1376 esse
1505 1324 1859 1396 susceptum.
1921 1317 2234 1375 Rectumss

225 1417 320 1468 est
346 1417 544 1469 autem
582 1407 756 1467 etiam
792 1407 853 1466 in
890 1407 1007 1465 11113
1039 1406 1507 1474 contentionibus,
1535 1426 1666 1485 quae
1692 1426 1825 1467 cum
1861 1404 2169 1466 inimicissi-

223 1500 340 1557 mis
366 1500 530 1566 fiunt,
558 1498 780 1556 etiamsi
806 1497 970 1556 nobis
994 1495 1226 1575 indigna
1265 1496 1583 1565 audiamus,
1609 1504 1803 1556 tamen
1828 1498 2171 1577 gravitatem

225 1588 491 1655 retinere,
519 1587 872 1659 iracundiam
884 1586 1126 1665 pellere.
1208 1586 1353 1655 Qum
1393 1585 1546 1644 enim
1569 1606 1702 1654 cum
1727 1586 1916 1665 aliqua
1942 1588 2165 1665 pertur-
2191 1592 2233 1653 7

225 1677 458 1737 batione
484 1676 644 1745 fiunt,
674 1695 744 1735 ea
769 1695 876 1734 nec
917 1681 1241 1734 constanter
1278 1672 1399 1733 fieri
1439 1682 1695 1753 possunt,
1722 1695 1905 1754 neque
1944 1677 2029 1746 iis,
2071 1677 2170 1762 qui

225 1767 456 1835 adsunt,
480 1766 724 1844 probari.
805 1766 1078 1824 Deforme
1105 1765 1277 1831 etiam
1302 1771 1411 1834 est,
1435 1765 1508 1823 de
1535 1783 1598 1823 33
1622 1765 1812 1842 ipsum
1837 1766 2167 1843 praedicare,
2197 1774 2235 1828 8

225 1856 379 1915 falsa
405 1856 740 1933 praesertim,
768 1862 831 1914 et
857 1875 992 1920 cum
1016 1855 1267 1923 irrisione
1284 1852 1657 1975 audientium
1692 1853 1896 1921 imitari
1932 1856 2170 1916 militem

225 1944 563 2025 gloriosum.

308 2124 578 2183 XXXIX.
608 2124 686 2183 Et
711 2122 979 2202 quoniam
1006 2121 1193 2181 omnia
1218 2121 1628 2210 persequimur,
1647 2120 1911 2182 volumus
1936 2123 2168 2202 quidem

224 2222 404 2282 certe,
423 2213 727 2273 dicendum
746 2220 836 2272 est
853 2213 1044 2281 etiam,
1064 2213 1293 2290 qualem
1320 2212 1562 2271 hominis
1588 2212 1850 2272 honorati
1874 2221 1936 2273 et
1961 2214 2165 2292 princi-

225 2304 319 2382 pis
344 2304 386 2362 d
403 2323 646 2363 omum
673 2302 900 2383 placeat
925 2321 1051 2361 3333
1073 2321 1087 2360 :
1118 2303 1285 2381 cujus
1312 2302 1436 2360 finis
1469 2309 1558 2361 est
1582 2322 1739 2371 usus,
1768 2303 1845 2361 ad
1871 2322 2044 2381 quem
2070 2323 2164 2364 ac·

226 2392 650 2452 commodanda
687 2399 777 2452 est
817 2391 1135 2451 aedificandi
1175 2392 1498 2470 descriptiO,
1525 2399 1588 2451 et
1612 2398 1803 2451 tamen
1843 2393 2169 2453 adhibenda

226 2482 647 2543 commoditatis
673 2481 1078 2561 dignitatisque
1092 2481 1413 2561 diligentia.
1497 2482 1602 2539 Cn.
1635 2481 1896 2551 Octavio,
1924 2483 2025 2560 qui
2051 2484 2163 2560 pri·
2192 2488 2230 2543 2

224 2591 358 2631 mus
384 2590 458 2632 ex
483 2572 580 2630 illa
605 2571 818 2630 familia
843 2571 1041 2630 consul
1067 2571 1254 2630 factus
1275 2578 1382 2639 est,
1404 2571 1604 2629 honori
1628 2570 1805 2631 fuisse
1821 2571 2164 2649 accepimus,

225 2661 386 2739 quod
426 2661 762 2740 praeclaram
801 2661 1137 2719 aedificasset
1173 2661 1233 2719 in
1267 2659 1495 2718 Palatio
1522 2660 1581 2718 et
1608 2658 1836 2736 plenam
1873 2658 2165 2738 dignitatis

224 2751 504 2811 domum:
546 2769 678 2830 quae
704 2770 836 2810 cum
861 2751 1038 2830 vulgo
1063 2750 1356 2820 viseretur,
1385 2750 1703 2829 suffragata
1742 2749 1987 2820 (13131113,
2016 2769 2166 2813 novo

225 2841 460 2909 homini,
484 2840 558 2898 ad
581 2840 941 2900 consulatum
968 2841 1302 2918 putabatur.
1385 2840 1553 2898 Hanc
1581 2840 1831 2898 Scaurus
1858 2840 2162 2902 demolitus
2190 2849 2228 2903 3

224 2930 607 2989 accessionem
644 2929 907 3032 adjunxit
953 2929 1190 3032 aedibus.
1272 2930 1480 3007 Itaque
1518 2929 1654 3000 ille
1633 2949 1697 2987 13
1736 2948 1900 2990 suam
1926 2930 2164 2991 domum

222 3108 282 3166 in
335 3107 577 3166 domum
622 3063 1083 3185 multiplicatam
1100 3125 1216 3166 non
1254 3108 1544 3187 repulsam
1583 3108 1769 3167 solum
1808 3108 2018 3177 retulit,
2058 3063 2164 3168 sed

221 3196 589 3275 ignominiam
615 3197 789 3255 etiam
815 3203 876 3255 et
902 3197 1303 3256 calamitatem.
1385 3196 1662 3255 Ornanda
1685 3202 1776 3254 est
1802 3196 1953 3261 33113
1980 3197 2160 3277 digni,
2187 3200 2229 3259 4

220 3293 314 3344 tas
341 3285 535 3353 dom0,
558 3304 679 3344 non
704 3303 777 3343 ex
803 3284 977 3345 domo
1001 3291 1126 3345 tota
1151 3286 1495 3364 quaerenda:
1536 3302 1643 3344 nec
1682 3284 1854 3351 domo
1881 3284 2160 3356 dominus.

220 3374 327 3433 sed
354 3374 588 3432 domino
612 3374 818 3433 domus
1163 3393 1199 3432 a
1226 3381 1334 3433 est.
1402 3374 1481 3433 Et
1498 3379 1566 3433 ut
1590 3374 1650 3432 in
1669 3373 1870 3438 ceteris
1895 3374 2161 3433 habenda
2188 3384 2229 3437 5

220 3464 370 3523 ratio
397 3482 511 3522 non
536 3483 564 3521 3
680 3375 1024 3532 3311113ξέ
1276 3463 1548 3531 aliorum:
1590 3448 1670 3522 sic
1709 3463 1768 3521 in
1805 3462 1979 3529 (13133
2024 3463 2162 3524 clari

218 3552 529 3621 hominis,
637 3571 772 3610 uam
800 3558 859 3610 et
886 3552 1139 3630 hospites
1178 3552 1346 3611 multi
1370 3551 1692 3631 recipiendi,
1720 3559 1781 3611 et
1805 3552 2160 3612 admittenda

218 3641 420 3708 homin
543 3642 823 3721 cujusque
847 3641 1007 3701 modi
1032 3640 1363 3711 multitudo,
1393 3641 1720 3708 adhibenda
1743 3659 1882 3709 cura
1905 3648 1998 3703 cst
2019 3641 2160 3704 laxi·

487 3742 812 3875 ⁴⁶²&
850 3757 1012 3852 aas
1230 3739 1268 3790 ⁵
