2592 4142
321 278 401 338 54
1144 291 1224 334 ιιιι
1265 288 1522 334 orn-rens

426 416 619 483 autem
663 414 934 501 ipsorum,
980 414 1117 501 qum
1160 421 1403 481 honesta
1454 427 1624 492 sunt:
1654 428 1847 501 potest
1897 421 2152 484 incidere
2197 417 2357 506 sa‘zpe

428 512 715 572 contentio
730 519 791 572 et
807 511 1155 591 comparatio
1171 530 1187 580 ;
1215 511 1291 569 de
1307 510 1532 571 duobus
1546 512 1800 571 honestis
1818 519 2016 572 utrum
2033 514 2352 574 honestius:

362 609 398 662 3
429 602 527 680 qui
551 602 711 661 locus
737 619 774 659 a
797 600 1060 662 Panaetio
1072 607 1176 660 est
1198 602 1631 680 praetermissus.
1698 601 1851 661 Nam
1878 620 2012 685 cum
2036 604 2223 662 omnis
2246 605 2353 664 ho·

425 698 618 750 nestas
656 697 851 750 manet
884 709 922 749 a
950 690 1218 770 partibus
1244 697 1535 768 quattuor,
1566 710 1810 770 quarum
1835 712 1952 751 una
1977 693 2056 752 sit
2079 695 2354 774 cognitio·

423 780 530 849 nis,
558 779 738 839 altera
777 779 1212 849 communitatis,
1252 780 1421 838 tertia
1457 781 1949 861 magnanimitatis,
1985 790 2192 861 quarta
2229 803 2350 844 mo·

427 868 768 929 derationis:
807 869 958 929 hae'
941 889 1000 929 ιιι
1026 868 1333 950 deligendo
1368 868 1552 932 officio
1575 888 1734 951 saepe
1759 871 1907 931 inter
1931 886 1994 931 se
2020 891 2351 952 comparen-

425 966 523 1020 tur
544 977 779 1019 necesse
804 964 915 1021 est.
2337 991 2354 1007 ·

359 1053 399 1109 4
504 1048 706 1109 Placet
757 1050 950 1128 igitur,
995 1047 1219 1129 aptiora
1269 1067 1396 1108 esse
1447 1055 1671 1108 naturae
1721 1068 1793 1109 ea
1843 1050 2043 1121 officia,
2089 1068 2225 1129 quae
2280 1070 2353 1111 ex

360 1148 398 1202 5
425 1139 846 1209 communitate,
873 1156 1047 1219 quam
1083 1157 1170 1208 ea,
1198 1157 1332 1218 quae
1368 1156 1457 1201 ex
1477 1135 1795 1219 cognitione
1820 1139 2137 1200 ducantur:
2179 1140 2353 1220 idque

422 1230 535 1289 hoo
561 1236 902 1309 argumento
930 1228 1249 1288 confirmari
1287 1236 1499 1309 potest,
1521 1229 1702 1308 quod,
1719 1228 1779 1288 si
1811 1230 2115 1334 contigerit
2138 1246 2210 1290 ea
2235 1231 2353 1293 vita

424 1319 684 1399 sapienti,
724 1325 792 1378 ut
831 1319 891 1378 in
927 1319 1181 1378 omnium
1226 1337 1419 1378 rerum
1457 1319 1818 1379 affluentibus
1858 1320 2050 1398 copiis,
2092 1321 2353 1423 quamvis

423 1409 630 1476 omnia,
657 1426 791 1487 quae
831 1407 1152 1487 cognitione
1191 1408 1369 1488 digna
1404 1409 1535 1479 sint,
1575 1427 1799 1469 summo
1837 1409 1955 1468 otio
1994 1428 2191 1468 secum
2227 1409 2353 1488 ipse

329 1559 336 1566 ,
424 1497 743 1558 consideret
779 1502 841 1556 et
879 1496 1327 1577 contempletur:
1366 1505 1578 1568 tamen,
1608 1497 1658 1558 si
1696 1498 1947 1558 solitudo
1980 1504 2140 1557 tanta
2165 1498 2256 1568 sit,
2286 1504 2354 1561 ut

359 1592 396 1647 6
422 1586 710 1646 1ιοιιιίιι6ιιι
754 1585 949 1646 videre
994 1606 1110 1645 non
1151 1587 1351 1667 possit,
1391 1589 1638 1649 excedat
1674 1606 1708 1647 e
1745 1587 1881 1648 vita.
1960 1588 2351 1667 Princepsque

422 1676 674 1738 omnium
717 1675 991 1737 virtutum
1028 1675 1125 1736 illa
1163 1677 1456 1756 sapientia,
1497 1694 1673 1758 quam
1699 1679 1881 1754 σοφίαν
1913 1678 2104 1737 Graeci
2141 1684 2353 1738 vocant

420 1765 863 1845 -prudentiam
903 1766 1073 1837 enim,
1111 1785 1285 1846 quam
1327 1768 1515 1828 Graeci
1555 1767 1812 1849 φρόνησιν,
1859 1767 2026 1826 aliam
2063 1767 2352 1845 'quandam

420 1857 804 1936 intelligimus,
832 1874 965 1934 quae
1003 1864 1094 1917 est
1130 1876 1322 1917 rerum
1349 1858 1799 1936 expetendarum
1835 1846 2350 1936 fugiendarumque

357 1945 394 2007 '1
421 1947 687 2015 scientia;
728 1945 832 2009 -illa
869 1953 1065 2007 autem
1106 1947 1403 2027 sapientia,
1445 1965 1619 2025 quam
1657 1946 1969 2026 principem
1998 1943 2131 2015 dixi,
2159 1965 2352 2005 rerum

421 2044 512 2096 est
536 2037 851 2096 divinarum
878 2042 939 2095 et
963 2038 1342 2095 humanarum
1369 2035 1617 2104 scientia,
1644 2036 1702 2094 in
1728 2053 1843 2115 qua
1869 2036 2188 2095 continetur
2213 2034 2349 2093 deo-

423 2144 554 2184 rum
579 2133 639 2185 et
663 2126 958 2185 hominum
983 2125 1382 2193 communitas,
1404 2130 1465 2184 et
1489 2124 1731 2184 societas
1755 2125 1903 2185 inter
1927 2125 2102 2202 ipsos.
2186 2124 2275 2183 Ea
2302 2123 2350 2184 si

419 2215 667 2273 maxima
704 2221 812 2283 est,
839 2221 908 2291 ut
944 2220 1052 2282 est,
1080 2220 1239 2274 certe
1272 2232 1504 2275 necesse
1543 2220 1649 2283 est,
1678 2214 1835 2292 quod
1873 2232 1910 2271 a
1946 2213 2349 2273 communitate

358 2310 394 2364 8
421 2302 668 2362 ducatur
705 2303 969 2372 officium,
998 2302 1059 2362 id
1086 2314 1223 2361 'esse
1261 2303 1589 2373 maximum.
1668 2304 1896 2363 Etenim
1930 2303 2180 2384 cognitio
2217 2323 2352 2363 con-

421 2392 832 2472 templatioque
869 2399 1092 2453 naturae
1131 2411 1338 2451 manca
1363 2393 1614 2470 quodam
1652 2393 1832 2453 modo
1870 2401 2044 2472 atque
2082 2394 2351 2453 inchoata

421 2483 514 2552 sit,
543 2483 592 2542 si
616 2474 775 2543 nulla
801 2482 948 2542 actio
973 2501 1165 2542 rerum
1191 2488 1586 2561 consequatur.
1655 2483 1742 2542 Ea
1766 2490 1959 2543 autem
1984 2483 2136 2543 actio
2160 2484 2221 2542 in
2246 2483 2347 2543 ho·

420 2573 639 2633 minum
667 2573 975 2634 commodis
1001 2571 1226 2632 tuendis
1253 2573 1500 2632 maxime
1536 2573 1799 2632 cernitur.
1880 2574 2139 2632 Pertinet
2175 2573 2351 2653 igitur

357 2669 394 2721 9
421 2663 497 2722 ad
538 2663 864 2724 societatem
903 2663 1125 2744 generis
1163 2663 1413 2723 humani.
1494 2662 1651 2742 Ergo
1689 2664 1821 2723 haec
1858 2663 2163 2743 cognitioni
2190 2659 2348 2722 ante-

422 2752 686 2830 ponenda
711 2760 815 2813 est.
896 2754 1098 2831 Atque
1134 2753 1196 2812 id
1234 2753 1485 2831 optimus
1510 2751 1749 2830 quisque
1776 2771 1838 2811 re
1859 2751 1990 2831 ipsa
2015 2753 2263 2812 ostendit
2290 2759 2352 2812 et

321 2846 396 2900 10
419 2841 656 2919 judicat.
738 2841 879 2911 Quis
906 2841 1056 2901 enim
1090 2850 1181 2901 est
1217 2849 1339 2900 tam
1365 2841 1607 2921 cupidus
1632 2842 1690 2900 in
1717 2836 2109 2921 perspicienda
2136 2861 2347 2921 cogno-

423 2929 743 3009 scendaque
782 2949 974 2990 rerum
1011 2937 1233 3000 natura,
1259 2938 1346 3000 ut,
1375 2931 1425 2990 si
1449 2932 1502 2991 ei
1526 2933 1793 2991 tractanti
1831 2933 2351 3012 contemplantique

421 3039 513 3079 res
540 3020 857 3100 cognitione
877 3020 1233 3100 dignissimas
1253 3020 1443 3080 subito
1463 3022 1537 3080 sit
1556 3020 1793 3081 allatum
1821 3012 2137 3102 periculum
2155 3023 2349 3081 discri-

422 3130 670 3189 menque
708 3110 930 3189 patrias,
974 3110 1068 3170 cui
1106 3111 1403 3170 subvenire
1450 3111 1825 3190 opitularique
1865 3112 2063 3191 possit,
2103 3131 2219 3171 non
2254 3113 2353 3171 illa

425 3201 614 3260 omnia
637 3202 919 3279 relinquat
943 3208 1117 3280 atque
1138 3200 1387 3279 abjiciat,
1408 3201 1580 3260 etiam
1607 3201 1656 3259 si
1679 3201 2040 3261 dinumerare
2066 3221 2129 3261 se
2154 3201 2352 3260 stellas

423 3297 526 3350 aut
542 3291 726 3350 metiri
743 3291 943 3350 mundi
960 3289 1415 3370 magnitudinem
1436 3308 1604 3368 posse
1623 3289 1929 3350 arbitretur
1944 3292 1973 3350 ‘2
2018 3292 2219 3369 Atque
2239 3291 2353 3350 hoc

321 3382 394 3440 11
422 3379 577 3440 idem
617 3375 677 3440 in
719 3381 987 3459 parentis,
1018 3381 1078 3439 in
1120 3380 1285 3439 amici
1324 3398 1387 3438 re
1413 3384 1517 3438 aut
1552 3380 1806 3457 periculo
1829 3380 2045 3440 fecerit.
2129 3380 2354 3451 Quibus

423 3470 595 3529 rebus
648 3470 993 3550 intelligitur,
1043 3470 1244 3528 studiis
1298 3469 1604 3547 officiisque
1657 3470 1908 3530 scientiae
1961 3469 2356 3549 praeponenda

425 3577 551 3618 esse
592 3560 774 3618 officia
811 3558 1066 3638 justitiae,
1098 3578 1234 3637 quae
1279 3558 1571 3637 pertinEnt
1595 3559 1674 3619 ad
1711 3560 2007 3621 hominum
2033 3560 2354 3631 caritatem,

426 3667 543 3727 qua
566 3648 706 3706 nihil
729 3648 942 3708 homini
967 3666 1091 3707 esse
1118 3648 1294 3709 debet
1320 3647 1620 3728 antiquius.
2344 3639 2353 3647 ’

2555 3590 2565 3625 1
