2592 4142
314 246 391 302 62
791 223 798 228 ’
833 247 844 254 ’
1149 258 1230 299 nr.
1255 256 1511 299 ort-:ons

416 389 596 448 mines
638 388 947 468 plurimum
988 387 1312 447 hominibus
1348 393 1409 447 et
1447 385 1666 466 prosint
1695 392 1757 446 et
1781 385 2005 447 obsint:
2049 384 2347 465 proprium

416 478 527 537 hoc
553 485 744 542 statuo
769 497 895 537 esse
921 489 964 537 v*
970 477 1034 536 ir
1049 484 1133 537 tu
1147 477 1253 536 tis
1289 478 1585 538 conciliare
1617 476 1839 535 animos
1862 475 2160 534 hominum
2185 483 2247 536 et
2272 476 2348 538 ad

352 573 389 626 6
416 587 554 627 usus
594 587 729 627 suos
767 567 1099 648 adjungere.
1181 565 1410 645 Itaque,
1438 585 1571 645 quae
1598 566 1658 625 in
1678 566 1864 626 =rebus
1888 565 2162 634 inanimis,
2192 584 2347 643 quoe-

417 657 530 736 que
556 657 752 718 inusu
767 664 831 716 et
854 657 1189 716 tractatione
1215 656 1516 715 beluarum
1540 656 1686 716 fiunt
1710 655 1923 714 utiliter
1949 655 2026 714 ad
2049 655 2347 716 hominum

417 747 613 827 vitam,
642 747 860 806 artibus
900 765 969 806 ea
1003 746 1332 806 tribuuntur
1357 746 1642 825 operosis3
1680 746 1978 808 hominum
2004 751 2202 804 autem
2227 751 2347 803 stu·

414 837 510 896 dia
534 836 614 897 ad
637 836 1129 917 amplificationem
1160 842 1482 895 nostrarum
1516 833 1709 894 rerum'
1732 842 2003 914 prompta
2029 853 2098 893 ac
2126 840 2345 912 parata,

352 926 387 987 '1
416 928 664 986 virorum
689 927 1082 1005 praestantium
1108 925 1385 1004 sapientia
1409 932 1471 985 et
1493 926 1702 985 virtute
1728 925 2061 984 excitantur.
2116 924 2346 983 Etenim

414 1017 594 1076 virtus
637 1016 819 1075 omnis
860 1015 1043 1077 tribus
1084 1016 1143 1075 in
1179 1017 1352 1075 rebus
1388 1016 1508 1074 fere
1534 1015 1806 1074 vertitur:
1848 1031 2091 1092 quarum
2115 1032 2234 1072 una
2259 1019 2349 1073 est

413 1106 473 1164 in
514 1105 922 1185 perspiciendo,
951 1106 1089 1184 quid
1130 1106 1188 1164 in
1213 1123 1440 1183 quaque
1481 1123 1544 1163 re
1585 1121 1785 1164 verum
1821 1101 2215 1180 sincerumque
2253 1103 2345 1173 sit,

414 1196 552 1274 quid
579 1203 1017 1256 consentaneum
1045 1195 1263 1273 cuique,
1291 1194 1430 1272 quid
1457 1212 1825 1276 consequens,
1854 1211 1927 1251 ex
1951 1212 2068 1270 quo
2093 1192 2347 1270 quidque

351 1291 388 1344 8
415 1286 702 1365 gignatur,
730 1301 862 1364 quae
891 1284 1184 1363 cujusque
1193 1284 1275 1343 rei
1301 1302 1472 1343 causa
1499 1284 1605 1352 sit;
1646 1283 1906 1352 alterum,
1931 1281 2198 1364 cohibere
2221 1301 2345 1342 mo-

373 1381 511 1435 tus
549 1374 718 1433 animi
755 1375 1032 1442 turbatos,
1073 1392 1217 1451 quos
1258 1374 1454 1433 Graeci
1490 1373 1645 1443 τάθη
1685 1373 1994 1441 nominant,
2042 1372 2346 1451 appetitio-

415 1482 650 1567 pesque,
684 1482 826 1541 quas
860 1463 947 1523 illi
978 1463 1158 1542 figenda,
1186 1462 1516 1523 obedientes
1554 1463 1776 1522 efficere
1812 1462 2052 1530 rationi;
2092 1462 2344 1532 tertium,

413 1551 498 1622 iis,
526 1554 867 1631 quibuscum
907 1570 1336 1632 congregamur,
1364 1551 1452 1612 uti
1487 1552 1780 1612 moderate
1819 1559 1880 1611 et
1918 1552 2175 1620 scienter,
2204 1570 2345 1630 quo-

414 1659 544 1702 rum
588 1643 787 1704 studiis
830 1661 915 1712 ea,
952 1661 1081 1720 quae
1116 1650 1322 1701 natura
1351 1640 1654 1711 desiderat,
1685 1642 1914 1721 expleta
1940 1641 2344 1720 cumulataque
2458 1671 2461 1674 ·

305 1761 311 1770 ·
413 1732 764 1803 habeamus,
778 1751 882 1814 per
919 1732 1282 1810 eosdemque,
1311 1732 1359 1790 si
1391 1732 1530 1810 quid
1568 1732 1911 1811 importetur
1939 1731 2146 1790 nobis
2128 1749 2344 1790 incom-

409 1823 587 1892 modi,
616 1823 1032 1901 propulsemuS‚
1059 1822 1509 1900 ulciscamurque
1537 1841 1652 1891 eoS,
1681 1821 1781 1899 qui
1817 1839 2022 1879 nocere
2055 1821 2229 1879 nobis
2248 1839 2344 1880 co-

413 1913 533 1972 nati
571 1920 722 1982 sunt,
762 1918 1050 1991 tantaque
1074 1931 1250 1990 poena
1287 1912 1613 2006 afficiamus,
1642 1917 1916 1989 quantam
1954 1909 2195 1989 aequitas
2232 1911 2344 1970 hu·

414 2003 768 2130 manitasque
794 2002 1108 2081 patitur..

492 2180 600 2242 VI
630 2179 848 2250 Quibus
869 2186 1062 2237 autem
1089 2178 1400 2238 rationibus
1427 2172 1573 2239 hanc
1599 2178 1932 2238 facultatem
1958 2167 2185 2257 assequi
2209 2198 2342 2259 pos·

415 2268 606 2335 simus,
628 2275 696 2326 ut
719 2267 1014 2326 hominum
1041 2268 1231 2327 studia
1250 2256 1700 2347 complectamur
1718 2288 1899 2347 eaque
1925 2276 2239 2338 teneamus,
2258 2265 2343 2328 di-

416 2376 627 2425 cemus,
655 2375 840 2459 neque
866 2356 945 2414 ita
970 2358 1151 2416 multo
1178 2364 1342 2436 post:
1385 2357 1489 2416 sed
1529 2376 1714 2436 pauca
1753 2364 1884 2428 ante
1921 2357 2177 2418 dicenda
2189 2365 2340 2419 sunt.

350 2452 386 2506 2
415 2445 684 2526 Magnam
709 2446 824 2505 vim
850 2465 974 2505 esse
1000 2447 1058 2506 in
1096 2446 1471 2505 fortuna
1455 2465 1513 2504 m
1537 2455 1840 2525 utramque
1865 2454 2104 2525 partem,
2132 2448 2226 2506 vel
2242 2467 2341 2507 se-

349 2536 630 2610 Bcundas
649 2535 724 2594 ad
750 2554 860 2605 reS,
881 2535 973 2595 vel
999 2536 1290 2605 adversas,
1307 2536 1434 2613 quis
1460 2536 1728 2614 ignorat?
1783 2536 1938 2594 Nam
1962 2543 2024 2595 et
2049 2551 2183 2595 cum
2209 2556 2343 2615 pro·

414 2645 582 2704 spero
623 2626 765 2683 flatu
807 2626 931 2704 ejus
972 2625 1198 2694 utimur,
1228 2625 1307 2685 ad
1346 2625 1530 2684 exitus
1573 2625 1936 2703 pervehimur
1972 2632 2239 2703 optatos3
2281 2633 2340 2687 et

349 2719 387 2772 4
417 2735 548 2773 eum
574 2714 812 2783 reflavit,
834 2716 1149 2793 affligimur.
1220 2715 1367 2774 Haec
1390 2714 1583 2817 igitur
1592 2713 1719 2817 ipsa
1743 2716 1973 2773 fortuna
1998 2722 2220 2774 ceteros
2247 2735 2340 2774 ca-

414 2822 513 2861 sus
547 2803 785 2860 rariores
824 2804 1017 2871 habet,
1046 2804 1311 2882 primum
1321 2804 1436 2863 ab
1420 2803 1679 2862 manimis
1703 2797 1999 2882 procellas,
2027 2811 2340 2883 tempesta-

413 2897 519 2959 teS,
547 2891 858 2969 naufragia,
886 2891 1092 2960 ruinas,
1122 2892 1423 2950 incendia:
1459 2892 1665 2951 deinde
1704 2911 1741 2950 a
1775 2894 1968 2953 bestiis
1993 2894 2160 2963 ictus,
2184 2913 2343 2958 mor·

349 2988 386 3041 5
416 2999 530 3048 sus,
559 2979 823 3058 impetus.
907 2980 1054 3040 Haec
1082 2999 1145 3042 er
1224 2987 1329 3052 ,ut
1355 2981 1485 3060 dgn,
1513 2983 1739 3041 rariora.
1805 2982 1895 3040 At
1919 3001 2054 3041 vero
2078 2983 2343 3043 interitus

413 3070 781 3139 exercituum,
803 3076 869 3128 ut
895 3000 1365 3147 proximegjiifinss
1386 3051 1555 3150 s'aepss
1581 3073 1909 3142 multorum,
1938 3072 2174 3132 clades
2157 3091 2342 3152 unpe-

411 3168 682 3228 ratorum,
726 3166 793 3217 ut
834 3178 1019 3238 nuper
1064 3160 1269 3219 summi
1310 3166 1372 3219 et
1412 3161 1708 3240 singularis
1750 3162 1870 3232 viri,
1917 3161 2141 3228 invidiae
2187 3181 2342 3240 prae·

410 3257 570 3308 terea
587 3249 977 3326 multitudiniS‚
997 3255 1174 3327 atque
1190 3249 1265 3308 ob
1292 3267 1390 3309 eas
1416 3251 1560 3309 bene
1587 3251 1917 3310 meritorum
1944 3270 2104 3329 saepe
2131 3251 2346 3310 civium

411 3338 786 3420 expulsiones,
813 3338 1178 3409 calamitates,
1205 3338 1402 3418 fugae,
1388 3358 1403 3372 ·
1442 3358 1751 3417 rursusque
1793 3339 2061 3399 secundae
2095 3358 2206 3408 res,
2230 3339 2343 3399 ho-

410 3445 593 3495 nores,
622 3427 874 3505 imperia,
898 3427 1164 3496 victoriae,
1187 3442 1533 3507 quamquam
1558 3430 1795 3490 fortuita
1820 3435 1972 3498 sunt,
2000 3436 2195 3487 tamen
2219 3429 2345 3488 sine

410 3516 705 3576 hominum
746 3516 951 3625 opibus
997 3525 1058 3624 et
1098 3518 1300 3577 studiis
1346 3525 1608 3578 neutram
1648 3519 1708 3578 in
1753 3526 1980 3604 partem
2018 3517 2165 3578 effici
2206 3536 2343 3598 pos-

409 3610 562 3663 sunt,
