2592 4142
259 231 374 294 112
1103 186 1180 280 br.
1199 237 1460 280 omens

300 382 336 435 8
364 379 610 433 senatus.
641 403 650 408 -
678 372 767 431 At
791 376 968 431 aucta
985 368 1287 447 fectigalia
1304 388 1333 430 ι,
1360 367 1733 447 ιιιὶῙθ,,1ςὶιιιι-.’
1778 366 2096 444 Quousque
2122 366 2306 426 aude·

363 467 511 525 bunt
530 464 717 524 dicere
740 462 1046 540 quicquam
1066 460 1222 527 utile,
1243 458 1402 537 quod
1421 477 1536 517 non
1553 457 1858 516 honestum
1875 451 1927 515 ‘2‘
1973 457 2184 516 Potest
2202 476 2306 515 au·

363 561 484 613 tem
503 552 875 631 ulli-imperio,
898 549 1056 628 quod
1084 549 1266 628 gloria
1291 548 1504 607 fultum
1530 566 1654 605 esse
1675 546 1877 622 debet,
1890 554 1950 605 et
1977 546 2305 606 benivolen-
2376 560 2387 564 ⁴

300 651 337 704 9
365 644 445 702 tia
470 643 769 710 sociorum,
796 640 936 699 utile
974 657 1099 697 esoe
1143 638 1339 707 odium
1371 644 1432 696 et
1468 637 1696 695 infamia
1712 638 1740 694 ἱ)
1820 636 1949 715 Ego
1976 636 2148 695 etiam
2168 651 2306 696 cum

331 734 585 792 Catone
611 750 741 791 meo
767 748 922 807 saepe
950 728 1199 788 dissensi
1290 727 1475 786 Nimis
1501 727 1640 788 mihi
1656 726 1972 805 praefracte
1997 726 2307 785 videbatur

365 823 629 884 aerarium
670 819 1080 925 vectigaliaque
1120 817 1444 886 defendere,
1486 816 1675 875 omnia
1712 816 2030 895 publicanis
2071 829 2304 895 negare,

362 913 546 976 multa
572 912 771 971 sociis:
815 929 947 969 cum
969 909 1029 967 in
1052 908 1159 966 hos
1187 908 1424 967 benefici
1459 926 1582 966 esse
1610 906 1981 975 deberemus3
2023 926 2158 966 cum
2195 905 2307 965 illis

366 1002 446 1061 sic
486 1020 677 1080 agere,
703 1008 771 1060 ut
812 1013 945 1058 cum
986 998 1198 1065 colonis
1237 997 1446 1055 nostris
1486 997 1833 1057 soleremus:
1877 1015 2083 1074 eoque
2098 996 2307 1078 magis,

365 1111 482 1169 quo
506 1091 603 1150 illa
621 1090 890 1149 ordinum
917 1087 1238 1166 conjunctio
1264 1085 1361 1146 ad
1355 1088 1613 1148 salutem
1640 1087 1720 1145 rei
1762 1083 2033 1165 publicae
2052 1086 2308 1164 pertine³

264 1186 339 1240 10
366 1182 486 1242 bat
538 1180 694 1239 Male
714 1180 885 1239 etiam
908 1179 1106 1266 Curio,
1107 1196 1248 1238 cum
1271 1196 1503 1238 causam
1522 1175 2049 1254 Transpadanorum
2076 1193 2309 1253 aequam

367 1290 491 1331 esse
518 1271 779 1330 dicebat:
822 1286 1056 1345 semper
1089 1274 1282 1326 autem
1319 1267 1590 1335 addebat,
1637 1266 1839 1325 Vincat
1864 1267 2146 1325 utilitas„
2188 1266 2307 1326 Po-

364 1361 478 1419 tius
508 1360 743 1428 diceret,
773 1378 898 1417 ιιοιι
916 1375 1041 1416 esse
1068 1376 1314 1433 aequam,
1343 1357 1477 1434 quia
1512 1375 1626 1414 non
1652 1362 1804 1441 esset
1829 1355 1982 1414 utilis
2004 1355 2091 1413 rei
2117 1354 2311 1433 publi-

367 1468 467 1518 cae,
493 1468 688 1574 quam,
719 1467 849 1506 cum
875 1465 986 1505 non
1013 1445 1212 1505 utilem
1239 1446 1470 1515 diceret,
1501 1464 1725 1524 aequam
1749 1445 2042 1504 fateretur.

448 1626 673 1686 ΧΧΙΙΙ.·
714 1626 930 1685 Plenus
951 1633 1041 1685 est
1066 1632 1261 1684 sextus
1273 1625 1423 1685 'liber
1449 1624 1523 1683 de
1550 1624 1744 1727 officiis
1770 1569 2078 1683 Hecatonis
2105 1623 2311 1683 talium

367 1717 923 1796 quaestionum,
966 1716 1128 1775 Sitne
1162 1716 1294 1775 boni
1333 1716 1451 1783 viri,
1482 1716 1540 1773 in
1574 1715 1820 1776 maxima
1859 1714 2094 1780 caritate
2128 1732 2309 1772 anno-

366 1826 475 1877 nae,
502 1807 771 1865 familiam
797 1825 913 1865 non
937 1806 1087 1864 alere
1188 1807 1260 1864 111
1288 1824 1331 1864 ιι
1419 1823 1592 1883 mque
1621 1812 1841 1884 partem
1867 1804 2162 1906 disputat3
2202 1803 2312 1862 sed

367 1905 563 1957 tamen
600 1898 676 1956 ad
723 1904 1041 1956 extremum
1338 1872 1370 1920 3
1415 1896 1628 1974 fficium
1669 1893 1862 1973 dirigit
1899 1894 2085 1972 magis
2112 1912 2309 1972 quam

304 1992 339 2045 2
369 1987 739 2045 humanitate.
822 1986 1055 2055 Quaerit‚
1086 1986 1133 2044 si
1163 1986 1222 2043 in
1247 1985 1392 2043 mari
1427 1986 1655 2064 jactura
1689 1983 1947 2042 facienda
1975 1984 2066 2052 sit,
2096 1984 2310 2061 equine

372 2077 603 2154 pretiosi
631 2076 821 2153 potius
842 2076 1126 2153 jacturam
1154 2075 1342 2143 faciat,
1373 2094 1456 2133 an-
1474 2075 1682 2133 servuli
1709 2075 1849 2133 vilis,
1932 2074 2043 2132 Hic
2071 2074 2185 2134 alio
2211 2093 2313 2133 res

306 2172 341 2224 3
370 2165 675 2232 familiaris,
717 2165 826 2223 alio
868 2164 1026 2223 ducit
1063 2165 1403 2224 humanitas.
1486 2161 1571 2224 Si·
1594 2165 1852 2232 tabulam
1893 2165 1974 2242 de‘
2006 2164 2314 2243 naufragio

370 2253 580 2312 stultus
626 2253 940 2331 arripuerit,
982 2254 1416 2356 extorquebitne
1455 2272 1583 2313 eam
1623 2255 1863 2338 sapiens,
1905 2254 1953 2311 si
1999 2255 2259 2332 potuerit
2280 2256 2311 2313 ‘2

305 2348 344 2401 4
372 2343 583 2421 Negat,
625 2342 758 2421 quia
805 2342 879 2400 sit
924 2343 1208 2421 injurium.
1292 2345 1446 2413 Quid
1493 2344 1758 2403 dominus
1804 2344 1991 2412 navis,
2029 2344 2313 2422 eripietne

370 2431 586 2491 suum?
666 2432 914 2521 Minime,
942 2452 1055 2491 non
1092 2434 1240 2512 pluS‚
1269 2449 1451 2522 quam
1476 2434 1846 2537 navigantem
1871 2434 1930 2492 in
1957 2434 2075 2493 alto
2103 2434 2314 2511 ejicere

372 2522 445 2581 de
487 2523 616 2582 navi
643 2523 796 2591 velit,
825 2523 958 2601 quia
997 2542 1101 2582 sua
1141 2523 1270 2582 sit.
1278 2517 1520 2593 Ωιιοιιᾱ
1560 2524 1711 2584 enim
1750 2530 2097 2602 perventum
2116 2524 2193 2581 sit
2220 2543 2313 2593 (ιο,

372 2633 487 2691 quo
527 2621 758 2691 sumpta
795 2609 954 2671 navis
994 2621 1099 2681 est,
1142 2633 1256 2671 non
1299 2613 1511 2672 dommi
1550 2621 1639 2672 est
1678 2615 1852 2682 navis,
1894 2613 1997 2671 sed
2037 2615 2317 2693 navigan-

307 2712 343 2764 5
372 2703 531 2762 tium.
615 2702 765 2772 Quid
793 2704 841 2760 si
867 2722 981 2760 una
1009 2704 1209 2762 tabula
1236 2704 1328 2773 sit,
1359 2687 1475 2761 duo
1502 2704 1826 2782 naufragi,
1810 2704 1960 2780 lique
1990 2704 2312 2782 sapientes:

372 2791 478 2849 sibi
504 2797 703 2863 neuter
728 2791 930 2868 rapiat,
950 2810 1022 2849 an
1050 2793 1195 2850 alter
1216 2793 1386 2851 cedat
1412 2793 1575 2851 alteri
1588 2794 1616 2850 ἱ)
1685 2792 1875 2852 Cedat
1899 2807 2063 2852 vero:
2107 2793 2212 2851 sed
2239 2794 2314 2862 ei,

373 2880 538 2958 cujus
581 2881 763 2958 magis
806 2880 1026 2939 intersit
1062 2882 1153 2941 vel
1194 2901 1299 2940 sua
1335 2884 1427 2941 vel
1467 2883 1551 2941 rei
1592 2883 1839 2960 publicoe
1880 2902 2072 2951 causa,
2101 2883 2312 2942 vivere.

308 2976 344 3031 6
382 2969 531 3039 Quid
558 2970 606 3027 si
645 2970 770 3028 haec
806 2970 965 3048 paria
1003 2970 1060 3029 in
1086 2973 1374 3049 utroque?
1454 2972 1697 3031 Nullum
1721 2973 1827 3030 erit
1853 2978 2156 3041 certamen,
2187 2973 2314 3042 sed,

237 3055 242 3062 “
310 3060 354 3122 ’1
374 3060 538 3138 quasi
576 3066 729 3118 sorte
770 3066 871 3117 aut
908 3035 1170 3122 micando
1197 3062 1398 3131 victuS,
1428 3047 1589 3121 alteri
1630 3062 1797 3120 cedet
1835 3062 1995 3121 alter.
2083 3062 2237 3133 Quid
2264 3061 2318 3121 si

371 3157 536 3232 pater
570 3149 703 3207 fana
746 3150 974 3228 expilet,
1006 3151 1294 3209 cuniculos
1323 3158 1460 3230 agat
1487 3152 1563 3214 ad
1592 3152 1890 3214 aerarium:
1939 3151 2225 3211 indicetne
2240 3150 2316 3210 id

372 3240 799 3318 magistratibus
816 3240 961 3299 filius
979 3242 1038 3300 ‘2-
1070 3242 1250 3299 Nefas
1267 3241 1326 3299 id
1344 3242 1574 3319 quidem
1590 3248 1694 3300 est.
1740 3242 1903 3311 Quin
1923 3241 2095 3300 etiam
2116 3233 2317 3302 defen·

374 3327 476 3386 dat
502 3335 742 3406 patrem,
772 3330 820 3388 si
845 3338 1134 3409 arguatur.
1206 3330 1342 3389 Non
1368 3331 1541 3409 igitur
1568 3332 1753 3409 patria
1778 3329 2019 3408 praestat
2046 3330 2319 3390 omnibus

374 3417 565 3475 officiis
583 3420 610 3475 ‘2
693 3420 879 3480 Immo
919 3438 1087 3478 vero:
1139 3420 1243 3478 sed
1281 3420 1392 3498 ipsi
1428 3422 1633 3497 patriae
1674 3420 1957 3488 conducit,
1991 3420 2118 3498 pios
2161 3421 2318 3479 cives

311 3501 347 3562 8
375 3505 587 3564 habere
615 3507 672 3563 in
693 3513 971 3583 parentes,
1032 3509 1181 3577 Quid
1209 3508 1256 3566 si
1283 3510 1642 3586 tyrannidem
1669 3521 1969 3588 occupare,
1988 3510 2041 3567 si
2067 3510 2315 3588 patriam

376 3592 618 3678 prodere
645 3593 939 3658 conabitur
964 3603 1164 3673 pater:
1206 3597 1465 3657 silebitne
1493 3599 1641 3657 filius
1659 3601 1687 3658 ‘2
1769 3600 1958 3658 Immo
1983 3617 2122 3658 vero
2149 3600 2312 3660 obse-
