2592 4142
242 235 321 291 84
1074 250 1153 292 ιιι
1181 248 1442 293 omens

344 376 455 437 tuit
479 377 747 457 sapientis
765 384 828 437 et
847 380 1172 458 praestantis
1187 379 1309 449 viri,
1330 380 1591 439 omnibus
1611 379 2023 441 consulendum
2039 381 2291 461 putavit.

244 473 315 527 11
347 468 545 545 anue
571 475 661 527 est
686 487 910 527 summa
935 469 1086 527 ratio
1099 478 1160 528 et
1187 470 1464 548 sapientia
1490 471 1625 528 boni
1652 472 1805 541 civis,
1822 472 2132 530 commoda
2146 471 2290 531 civi-

339 576 446 615 um
491 576 604 615 non
652 558 934 626 divellere,
975 565 1148 636 atque
1188 578 1385 617 omnes
1427 559 1693 637 aequitate
1734 561 1935 619 eadem
1976 561 2285 619 continere.

243 654 316 705 12
348 647 624 708 Habitent
664 647 843 726 gratis
883 648 944 706 in
982 649 1165 712 alieno
1185 649 1214 706 ‘2
1293 648 1448 718 Quid
1487 649 1569 706 ita
1589 650 1617 706 ἱ)
1699 649 1802 718 Ut,
1833 669 1966 708 cum
1992 667 2103 728 ego
2129 651 2291 708 eme'-

345 736 470 805 rim,
495 736 840 806 aedificarim‚
862 744 1044 805 tuear,
1064 737 1413 815 impendam,
1435 744 1520 805 tu,
1548 754 1642 795 me
1668 738 1859 806 invito,
1888 740 2079 796 fruare
2105 756 2239 797 meo
2256 739 2287 796 ‘2

347 825 500 895 Quid
525 832 626 884 est*
639 821 796 884 aliud
822 826 945 885 aliis
972 845 1077 885 sua
1101 827 1337 905 eripere,
1366 825 1488 884 aliis
1516 826 1654 884 dare
1680 827 1864 885 aliena
1882 828 1933 885 ἱ)-
2210 874 2225 880 ι

244 920 318 973 18
400 914 636 973 Tabulae
654 933 789 974 vero
815 934 980 974 novae
1006 915 1145 992 quid
1171 915 1388 973 habent
1406 916 1746 994 argumenti,
1763 915 1870 974 nisi
1888 922 1957 974 ut
1975 933 2132 974 emas
2150 905 2290 974 mea

345 1004 587 1082 pecunia
626 1004 904 1074 fundum
944 1021 1078 1064 eum
1121 1011 1189 1063 ιιι
1226 1004 1457 1073 habeas,
1487 1023 1600 1084 ego
1636 1023 1752 1063 non
1778 1006 2024 1065 habeam
2049 1007 2288 1108 pecuni-

345 1111 482 1151 am.
461 1094 489 1135 9
543 1094 760 1154 XXIV.
793 1094 981 1162 Quam
1001 1094 1076 1152 ob
1094 1107 1217 1152 rem
1234 1111 1309 1151 ne
1328 1094 1403 1152 sit
1424 1112 1502 1152 ωε
1525 1094 1786 1162 alienum,
1803 1094 1960 1172 quod
1984 1095 2067 1153 rei
2082 1095 2288 1174 publi-

347 1201 432 1243 coe
454 1183 676 1254 noceat,
706 1184 1121 1263 providendum
1149 1190 1270 1252 est;
1314 1180 1497 1262 (quod
1539 1169 1734 1242 multis
1760 1184 2069 1243 rationibus
2096 1186 2297 1243 caveri

346 1280 540 1351 potest
556 1271 599 1352 ε)
627 1292 758 1341 ιιοιι,
783 1274 836 1332 si
859 1275 1048 1342 fuerit,
1078 1280 1147 1332 ut
1171 1273 1489 1351 locupletes
1514 1292 1684 1332 suum
1712 1273 1974 1351 perdant,
1994 1274 2290 1336 debitores

283 1367 319 1420 2
346 1361 639 1440 lucrentur
662 1363 924 1421 alienum.
1004 1362 1131 1421 Nec
1158 1362 1310 1421 enim
1336 1362 1456 1421 ulla
1492 1381 1586 1421 res
1610 1363 2000 1424 vehementius
2025 1382 2147 1434 rem
2174 1383 2291 1441 pu-

347 1449 553 1510 blicam
580 1451 845 1522 continet,
873 1469 1050 1530 quam
1075 1450 1251 1509 fides·
1292 1469 1423 1529 quoe
1450 1469 1576 1510 esse
1601 1451 1757 1510 nulla
1797 1458 2008 1530 potest,
2035 1452 2143 1511 nisi
2170 1453 2289 1511 erit

282 1547 319 1601 3
347 1541 667 1599 necessaria
693 1540 900 1599 solutio
926 1558 1117 1598 rerum
1140 1540 1498 1601 creditarum.
1559 1541 1872 1618 Nunquam
1891 1542 2291 1602 vehementius

348 1636 543 1689 actum
563 1636 676 1699 est,
696 1648 871 1708 quam
896 1649 990 1688 me
1017 1630 1266 1698 consule,
1287 1648 1360 1689 ne
1386 1630 1716 1691 solveretur.
1779 1630 1973 1688 Armis
1994 1637 2056 1688 et
2083 1631 2292 1690 castris

349 1726 568 1779 tentata
591 1738 684 1778 res
711 1726 801 1778 est
826 1720 902 1782 ab
929 1719 1082 1779 omni
1119 1738 1329 1799 genere
1368 1720 1659 1780 hominum
1699 1725 1759 1778 et
1797 1719 2024 1778 ordine:
2073 1721 2290 1798 quibus

345 1809 431 1869 ita
470 1809 669 1879 restiti,
706 1815 773 1868 ut
805 1810 919 1869 hoc
961 1815 1187 1868 tantum
1229 1809 1446 1868 malum
1486 1808 1560 1868 de
1597 1817 1661 1867 re
1702 1809 1932 1887 publica
1969 1809 2303 1870 tolleretur:

283 1905 323 1958 4
350 1899 661 1978 Nunquam
687 1917 794 1962 nec
811 1900 1001 1979 majus
1022 1918 1107 1960 aes
1132 1898 1379 1967 alienum
1403 1898 1546 1968 fuit,
1532 1918 1546 1931 ·
1574 1899 1906 1966 necmelius
1931 1918 2039 1960 nec
2065 1900 2292 1960 facilius

349 1988 692 2049 dissolutum
717 1996 823 2048 est.
893 1988 1222 2047 Fraudandi
1242 1988 1392 2046 enim
1419 2007 1523 2067 spe
1542 1989 1784 2056 sublata,
1808 1985 2065 2047 solvendi
2090 2004 2291 2048 neces·

285 2086 322 2139 5
352 2079 488 2138 sitas
532 2083 837 2138 consecuta
880 2085 986 2137 est.
1068 2078 1157 2135 At
1183 2096 1321 2136 vero
1359 2077 1452 2136 hic
1492 2095 1644 2135 nunc
1671 2077 1869 2146 victor,
1896 2085 2023 2136 tum
2051 2079 2292 2156 quidem

349 2168 553 2236 victus,
579 2187 713 2245 quae
743 2168 1039 2246 cogitarat,
1068 2185 1137 2228 ea
1163 2163 1420 2246 perfecit,
1449 2186 1582 2225 cum
1622 2167 1749 2245 ejus
1786 2167 1909 2245 jam
1935 2168 2074 2226 nihil
2110 2169 2292 2226 inter-

343 2263 532 2315 esset
599 2256 820 2322 Tanta
805 2274 863 2314 m
889 2274 959 2314 eo
985 2255 1263 2335 peccandi
1300 2256 1477 2315 libido
1502 2256 1628 2324 fuit,
1659 2262 1726 2314 ut
1764 2257 1874 2314 hoc
1915 2256 2106 2335 ipsum
2150 2276 2292 2316 eum

351 2345 679 2414 delectaret,
709 2364 965 2425 peccare,
995 2346 1215 2406 etiamsi
1240 2364 1415 2405 causa
1438 2364 1554 2404 non
1580 2351 1747 2405 esset.

285 2441 323 2496 6
430 2436 531 2495 Ab
556 2436 668 2495 hoc
694 2436 871 2515 igitur
906 2454 1116 2513 genere
1153 2435 1487 2514 largitioniS,
1514 2442 1582 2494 ut
1608 2435 1729 2493 aliis
1758 2435 1945 2504 detur,
1975 2436 2098 2496 aliis
2126 2437 2293 2495 aufe-

348 2532 525 2595 ratur,
554 2526 812 2585 aberunt
822 2525 875 2595 ii,
906 2524 1004 2604 qui
1028 2543 1151 2584 rem
1167 2523 1469 2603 publicam
1507 2525 1850 2598 tuebuntur:
1891 2525 1951 2583 in
1977 2526 2293 2604 primisque

349 2635 586 2695 operam
615 2616 853 2685 dabunt,
881 2622 950 2674 ut
986 2615 1131 2695 juris
1171 2622 1234 2673 et
1271 2614 1616 2692 judiciorum
1644 2614 1910 2691 aequitate
1936 2633 2106 2672 suum
2134 2616 2291 2693 quis·-

350 2724 464 2784 que
490 2711 716 2774 teneat;
756 2712 817 2764 et
841 2723 1026 2781 neque
1052 2704 1336 2763 tenuiores
1364 2710 1598 2781 propter
1637 2702 2016 2761 humilitatem
2043 2703 2289 2763 circum-

350 2794 662 2861 veniantur,
689 2812 875 2871 neque
917 2793 1302 2870 locupletibus
1343 2792 1419 2850 ad
1460 2810 1564 2852 sua
1588 2792 1681 2850 vel
1720 2792 1966 2864 tenenda
1991 2792 2085 2850 vel
2121 2811 2288 2851 recu·

352 2881 606 2960 peranda
658 2882 818 2940 obsit
861 2882 1101 2940 invidia:
1158 2888 1441 2959 praeterea
1493 2883 1922 2960 quibuscunque
1974 2883 2147 2943 rebus
2194 2883 2291 2942 vel

351 2971 487 3032 belli
502 2969 594 3029 vel
619 2969 775 3029 domi
800 2976 1092 3050 poterunt,
1107 2987 1229 3028 rem
1250 2970 1538 3047 publicam
1565 2976 1816 3049 augeant
1838 2971 2093 3048 imperio,
2113 2972 2289 3052 agriS‚

290 3062 324 3122 7
352 3060 743 3140 vectigal-ibus.
825 3059 969 3118 Haec
1013 3077 1358 3138 magnorum
1402 3059 1698 3118 hominum
1744 3066 1910 3118 sunt:
1960 3061 2097 3124 haec
2126 3061 2290 3139 apud

345 3153 600 3231 ‘maiores
624 3156 849 3209 nostros
873 3149 1166 3209 factitata:
1210 3149 1340 3209 haec
1379 3168 1592 3227 genera
1630 3148 1943 3212 officiorum
1971 3149 2069 3227 qui
2094 3167 2289 3227 perse-

352 3249 623 3321 quuntur,
653 3257 787 3300 cum
814 3258 1040 3299 summa
1075 3239 1324 3299 utilitate
1344 3238 1432 3302 rei
1457 3238 1704 3318 publicae
1731 3256 2003 3317 magnam
2030 3238 2140 3317 ipsi
2165 3238 2289 3297 adi-

355 3333 646 3410 piscentur
665 3337 734 3389 et
757 3331 1007 3410 gratiam
1032 3335 1095 3388 et
1120 3328 1383 3409 gloriam.

292 3516 330 3570 8
437 3509 508 3566 Ιιι
535 3509 623 3567 his
649 3515 843 3567 autem
869 3487 1180 3570 utilitatum
1219 3506 1524 3585 praeceptis
1551 3506 1861 3584 Antipater
1886 3503 2108 3583 Tyrius,
2138 3504 2292 3564 Stoi-

354 3614 478 3664 cam,
509 3598 611 3674 qui
651 3597 897 3656 Athenis
938 3615 1123 3674 nuper
1160 3603 1249 3654 est
1285 3602 1567 3666 mortuus,
1609 3596 1726 3655 duo
1764 3594 2057 3674 praeterita
2094 3601 2298 3656 censet
