2592 4142
347 262 429 326 ¹14
1174 285 1251 323 nn
1279 283 1536 325 omens

373 457 378 468 ,
451 410 731 474 sordidius
756 413 918 491 regi.
896 414 925 455 ⁹
962 413 1164 472 melius
1192 413 1403 482 etiam,
1408 413 1565 491 quod
1584 414 1961 520 largitionem
1988 417 2389 497 corruptelam

319 569 336 586 ἰ
451 520 577 561 esse
595 502 752 561 dixit.
807 504 900 561 Fit
919 504 1066 562 enim
1089 503 1350 572 deterior,
1372 504 1469 581 qui
1492 477 1716 582 accipit,
1744 513 1917 584 atque
1944 507 2021 566 ad
2045 507 2205 566 idem
2228 527 2389 568 sem-

388 599 425 652 8
454 611 557 670 per
597 592 1015 670 expectandum
1059 593 1323 670 paratior.
1406 593 1535 652 Hoc
1578 594 1673 654 ille
1710 595 1841 664 filio,
1871 596 1976 654 sed
2021 604 2388 675 praeceptum

441 688 724 761 putemus
747 682 1023 742 omnibus.
1106 682 1490 752 Quamobrem
1516 682 1576 741 id
1604 684 1836 762 quidem
1860 704 1976 743 non
2002 686 2241 746 dubium
2267 694 2382 757 est,

450 771 588 849 quin
625 771 726 829 illa
745 828 750 833 ,
767 771 1101 850 benignitas,
1136 790 1268 849 quae
1309 779 1549 831 constet.
1569 792 1641 831 ex
1681 792 1855 852 opera
1880 782 1956 835 -et
1993 775 2290 845 industr‘m,
2318 785 2386 837 et

429 860 737 919 „honestior
773 861 865 928 sit,
889 869 956 920 et
996 861 1168 920 latius
1208 868 1423 939 pateat,
1452 868 1513 919 et
1554 863 1738 940 possit
1780 863 2054 940 prodesse
2096 866 2380 944 pluribus.

388 957 424 1011 9
452 950 875 1028 Nonnunquam
899 956 1092 1010 tamen
1111 957 1202 1009 est
1225 950 1598 1030 largiendum,
1620 970 1725 1011 nec
1751 952 1863 1011 hoc
1888 952 2247 1032 benignitatis
2273 976 2380 1035 ge-

447 1059 558 1098 nus
605 1041 831 1099 omnino
875 1040 1292 1118 repudiandum
1335 1047 1441 1108 est,
1483 1048 1544 1099 et
1590 1059 1746 1120 saepe
1793 1040 2008 1101 idoneis
2054 1043 2383 1105 hominibus

449 1128 836 1209 indigentibus
862 1129 937 1189 de
963 1150 1027 1188 re
1051 1130 1310 1188 familiari
1337 1130 1809 1208 impertiendum:
1836 1132 1941 1190 sed
1962 1132 2263 1211 diligenter
2289 1142 2380 1195 at-

347 1224 422 1277 10
449 1239 561 1297 que
586 1220 900 1280 moderate.
978 1219 1146 1279 Multi
1172 1219 1320 1278 enim
1354 1219 1689 1297 patrimonia
1713 1220 2036 1281 effuderunt
2061 1222 2382 1284 inconsulte

405 1309 761 1388 largiendos
833 1309 983 1380 Quid
1011 1316 1205 1368 autem
1231 1316 1320 1367 est
1346 1309 1594 1378 stultius,
1622 1328 1821 1413 quam,-
1842 1310 1998 1387 quod
2024 1312 2265 1371 libenter
2291 1314 2380 1371 fa-

219 1453 241 1468 ,
347 1404 417 1460 11
450 1398 581 1466 cias,
612 1417 826 1466 curare,
855 1406 924 1457 ut
959 1398 1019 1457 id
1057 1398 1268 1456 diutius
1305 1399 1492 1457 facere
1523 1418 1636 1457 non
1671 1400 1892 1477 possis.
1870 1400 1899 1441 9
1978 1400 2181 1478 Atque
2202 1403 2383 1462 etim

447 1494 762 1566 sequuntur
786 1487 1143 1565 largitionem
1170 1487 1400 1565 rapinae.
1461 1488 1634 1546 -Cum
1668 1488 1818 1547 enim
1844 1487 2034 1548 dando
2060 1508 2229 1568 egere
2250 1510 2379 1551 οω-

348 1581 419 1638 12
449 1584 672 1654 penmt,
699 1575 890 1637 alienis
918 1576 1080 1635 bonis
1104 1595 1307 1644 manus
1332 1577 1535 1637 afferre
1561 1584 1859 1656 coguntur.
1927 1580 2038 1647 Ita,
2060 1599 2196 1663 cum
2204 1577 2377 1644 beni-

445 1665 706 1725 volentiae
750 1665 1149 1744 comparandae
1204 1684 1378 1724 causa
1420 1643 1656 1725 benefici
1695 1685 1822 1726 esse
1853 1668 2053 1737 velint,
2072 1688 2191 1734 non
2214 1675 2380 1733 tanta

450 1755 642 1813 studia
687 1762 1067 1833 assequuntur
1118 1774 1332 1825 eorum,
1382 1756 1588 1833 quibus
1634 1755 1934 1825 dederunt,
1981 1765 2197 1835 quanta
2241 1758 2379 1817 odia

345 1850 417 1905 13
447 1864 661 1914 eorum,
690 1845 896 1928 quibus
936 1845 1287 1906 ademerunt.
1372 1846 1756 1915 Quamobrem
1788 1865 1900 1914 ,nec
1934 1846 2017 1905 ita
2054 1847 2378 1907 claudenda

444 1955 540 1995 res
573 1943 669 1995 est
705 1935 1010 2004 familiaris,
1038 1942 1106 1994 ut
1139 1954 1267 1994 eam
1306 1934 1626 2013 benignitas
1653 1936 1872 2014 aperire
1897 1956 2013 1995 non
2039 1937 2236 2014 possit,
2266 1947 2376 1998 nec

443 2025 525 2084 ita
550 2025 882 2094 reseranda„
898 2031 965 2083 ιιι
1008 2032 1205 2103 pateat
1247 2025 1540 2083 omnibus:
1583 2025 1790 2084 modus
1828 2026 2185 2094 adhibeatur,
2211 2027 2376 2105 isque

344 2119 419 2173 14
443 2115 724 2175 referatur
740 2113 816 2172 ad
841 2114 1159 2174 facultates.
1217 2114 1464 2172 Omnino
1481 2114 1800 2174 meminisse
1820 2115 2095 2176 debemus
2113 2116 2376 2194 id‚‘quod

444 2222 481 2260 a
519 2203 725 2263 nostris
762 2202 1081 2264 hominibus
1117 2203 1429 2281 saepissime
1465 2212 1823 2281 usurpatum,
1848 2205 1971 2283 jam
1996 2206 2062 2268 „in
2087 2207 2377 2284 proverbii

344 2297 417 2352 15
446 2290 910 2352 consuetudinem
925 2292 1095 2359 venit,
1112 2288 1469 2371 largitionem
1486 2292 1730 2352 fundum
1740 2313 1859 2354 non
1872 2295 2101 2354 habere.
2143 2295 2377 2356 Etenim

443 2380 577 2458 quis
597 2387 789 2462 potest
813 2380 1020 2439 modus
1046 2399 1187 2450 esse,
1210 2400 1344 2440 cum
1370 2388 1430 2441 et
1455 2382 1608 2442 idem
1628 2383 1727 2460 qui
1751 2391 2111 2453 consuerunt,
2133 2390 2195 2443 et
2217 2384 2376 2445 idem

439 2469 586 2533 illud
610 2470 703 2531 alii
727 2469 1093 2531 desiderent?

453 2663 458 2671 ‘
519 2652 683 2712 XVI.
727 2643 968 2710 Omnino
1005 2651 1119 2711 duo
1160 2656 1295 2711 sunt
1336 2669 1549 2729 genera
1586 2650 1894 2729 largorum,
1922 2670 2173 2729 quorum
2207 2652 2374 2712 alteri

379 2746 413 2799 2
442 2741 685 2818 prodigi,
703 2741 865 2800 alteri
878 2742 1154 2801 liberales.
1210 2740 1462 2819 Prodigi,
1482 2740 1580 2818 qui
1595 2741 1795 2819 epulis,
1813 2747 1877 2799 et
1887 2741 2369 2812 viscerationibus,

444 2836 503 2887 et
521 2829 904 2906 gladiatorum
919 2831 1264 2897 muneribus,
1287 2829 1557 2888 ludorum
1571 2830 2046 2908 venationumque
2065 2825 2367 2908 apparatu,

443 2917 711 2994 pecunias
741 2917 1097 2994 profundunt
1121 2918 1179 2975 in
1205 2937 1304 2976 eas
1330 2937 1440 2987 res,
1470 2937 1712 2996 quarum
1738 2919 2074 3002 memoriam
2100 2927 2203 2978 aut
2238 2922 2368 2979 bre-

357 3014 412 3066 ·8
441 3023 572 3069 vem
598 3012 703 3064 aut
727 3006 942 3063 nullam
967 3006 1192 3067 omnino
1221 3007 1334 3065 sint
1360 3008 1623 3069 relicturi.
1706 3005 1996 3068 Liberares
2022 3016 2238 3076 autem,
2268 3010 2371 3088 qui

440 3096 556 3162 suis
581 3096 949 3162 facultatibus
979 3102 1081 3154 aut
1101 3103 1309 3175 -captos
1343 3116 1387 3155 a*
1419 3097 1785 3175 prae'donibus
1818 3098 2122 3166 redimunt,
2158 3106 2263 3158 aut
2287 3118 2371 3158 ωε

344 3206 354 3213 ·
438 3183 685 3262 alienum
734 3185 1046 3268 suscipiunt
1099 3186 1427 3255 amicorum,
1469 3194 1572 3245 aut
1612 3187 1676 3245 in
1715 3186 1959 3246 filiarum
1997 3187 2372 3248 collocatione

438 3276 729 3357 adjuvant,
759 3283 861 3343 aut
898 3275 1251 3355 opitulantur
1287 3276 1347 3334 in
1389 3294 1452 3333 re
1484 3274 1576 3333 vel
1603 3275 1929 3353 quaerenda,
1956 3276 2050 3334 vel
2084 3275 2368 3354 augenda.

373 3371 411 3423 4
439 3367 645 3448 Itaque
693 3366 878 3432 miror,
921 3366 1059 3443 quid
1102 3365 1180 3430 in
1203 3371 1457 3428 mentem
1494 3365 1712 3423 venerit
1757 3365 2155 3441 Theophrasto
2200 3364 2261 3422 in
2298 3383 2373 3423 eo

435 3454 598 3521 libro,
627 3474 797 3532 quem
826 3455 900 3513 de
917 3449 1132 3517 divitiis
1160 3453 1420 3532 scripsit.
1461 3454 1520 3511 in
1547 3474 1663 3532 quo
1691 3454 1874 3513 multa
1908 3453 2199 3530 praeclare,
2226 3453 2373 3514 illud

413 3543 699 3603 absurde.
780 3543 887 3602 Est
911 3544 1059 3602 enim
1085 3539 1343 3608 multus
1327 3562 1386 3608 ιιι
1411 3542 1700 3610 laudanda
1734 3541 2154 3622 magnificentia
2179 3548 2241 3600 et
2265 3560 2372 3620 ap-

434 3611 726 3707 par-afflans
773 3632 1132 3709 popularium
1174 3649 1506 3702 munerans
1547 3631 1883 3709 taliumque
1902 3637 2239 3708 sumptuum
2283 3631 2371 3690 fa-
