2592 4142
285 225 324 282 8
1115 239 1194 278 m:
1236 238 1495 278 ormena

389 366 448 426 id
476 363 613 426 uiihi
640 387 884 436 assume,
912 368 1111 426 videor
1136 367 1195 425 id
1223 384 1353 425 meo
1387 363 1519 445 jure
1545 365 1797 444 quodam
1825 365 1998 425 modo
2024 363 2339 427 vindicare.

325 466 361 516 5
393 458 581 526 Quam
622 458 697 516 ob
739 478 859 517 rem
898 474 1247 535 magnopere
1286 464 1346 514 te
1386 457 1600 524 hortor,
1631 456 1709 513 mi
1744 456 1960 522 Cicero,
1990 464 2057 515 ut
2098 475 2211 513 non
2239 477 2339 515 so-

393 546 514 604 lum
559 547 840 605 orationes
892 550 1069 614 meas»,
1113 546 1214 604 sed
1264 546 1382 605 hos.
1411 545 1580 603 etiam
1623 545 1698 605 de
1738 545 2097 624 philosophia
2137 546 2340 614 libros»,

299 667 353 684 «-
389 636 489 713 qui
529 656 591 695 se
625 636 750 715 jam
789 636 895 694 illis
937 636 1056 693 fere
1114 631 1468 712 aequarunt)
1480 635 1734 695 studiose
1775 630 1950 713 legas,
2034 635 2140 692 Vis
2180 628 2356 693 enim⁴

393 725 622 784 dicendi
659 725 846 804 major
884 732 974 783 est
1032 726 1090 782 in
1128 725 1256 792 illis,
1299 724 1403 785 sed
1458 724 1569 783 hoc
1609 720 1836 802 quoque
1898 723 2201 782 colendum
2242 731 2343 783 est

393 815 676 895 aequabile
703 822 763 874 et
788 822 1172 892 temperatum
1200 813 1466 873 orationis
1493 830 1690 893 genus.

326 914 361 966 6
469 907 547 965 Et
585 905 646 964 id
685 905 916 983 quidem
955 904 1163 963 nemini
1201 903 1368 962 video
1404 904 1743 962 Graecorum
1782 903 1971 964 adhuc
2010 900 2337 982 contigisse,

389 1004 457 1055 ut
481 997 635 1055 idem
660 1003 904 1073 utroque
929 995 985 1052 in
1013 1013 1219 1074 genere
1257 993 1590 1061 elaboraret,
1620 1001 2150 1071 sequereturque‘et
2189 993 2337 1052 illud

390 1087 613 1147 forense
654 1085 896 1153 dicendi,
926 1093 984 1142 et
1010 1084 1120 1142 hoc
1149 1084 1404 1160 quietum
1430 1082 1761 1160 disputandi
1796 1101 2010 1162 genus:
2052 1083 2158 1140 nisi
2183 1083 2339 1140 forte

390 1158 718 1235 Demetrius
738 1175 1051 1232 Phalereus
1078 1173 1136 1230 in
1161 1173 1272 1231 hoc
1300 1190 1536 1230 numero
1557 1172 1754 1231 haberi
1770 1179 1978 1250 potest,
2009 1162 2339 1249 disputator

390 1265 628 1332 subtilis,
679 1273 870 1323 orator
917 1281 1119 1340 parum
1163 1263 1489 1330 vehemenS‚
1537 1261 1721 1319 dulcis
1770 1268 1978 1329 tamen,
2035 1269 2102 1319 ut
2148 1262 2334 1319 Theo-

329 1355 366 1414 7·
393 1354 612 1434 phrasti
651 1352 989 1430 discipulum
1029 1352 1211 1429 possis
1251 1369 1577 1431 agnoscere.
1659 1350 1783 1409 Nos
1818 1357 2010 1410 autem
2053 1358 2337 1429 quantum

392 1444 452 1502 in
489 1451 731 1520 utroque
773 1440 1194 1519 profecerimus,
1249 1441 1486 1499 aliorum
1535 1441 1608 1498 sit
1649 1440 1954 1518 judicium:
2024 1448 2337 1517 utrumque

330 1541 365 1595 B
395 1540 548 1592 certe
569 1531 749 1589 secuti
775 1549 989 1587 sumus.
1058 1531 1339 1607 Equidem
1367 1537 1427 1587 et
1453 1530 1755 1588 Platonem
1775 1526 2053 1597 existimo,
2076 1530 2123 1588 si
2150 1547 2355 1609 genus·

390 1624 613 1682 forense
644 1620 866 1681 dicendi
893 1626 1136 1678 tractare
1163 1620 1452 1688 voluisset,
1491 1619 1822 1698 gravissime
1850 1627 1910 1678 et
1950 1620 2336 1698 copiosissime

393 1711 648 1791 potuisse
676 1711 899 1778 dicere;
948 1717 1007 1769 et
1035 1710 1500 1776 Demosthenem,
1530 1709 1577 1766 si
1600 1709 1714 1776 illa,
1744 1729 1874 1786 quae
1904 1728 1941 1766 a
1979 1710 2222 1768 Platone
2251 1709 2335 1768 di-

394 1803 628 1871 dicerat,
655 1800 929 1859 tenuisset
969 1808 1028 1858 et
1067 1799 1435 1877 pronuntiare
1462 1798 1749 1866 voluisset,
1780 1806 1977 1857 ornate
2011 1797 2337 1876 splendide-

394 1912 504 1971 que
531 1893 718 1951 facere
755 1890 1023 1969 potuisse.
1107 1889 1439 1967 Eodemque
1466 1888 1639 1947 modo
1667 1888 1740 1946 de
1767 1889 2081 1947 Aristotele
2109 1897 2169 1947 et
2209 1889 2331 1947 Iso-

394 1990 552 2042 crate
580 1982 814 2061 judico:
874 1999 1118 2057 quorum
1161 1987 1408 2057 uterque
1455 1999 1562 2038 suo
1601 1979 1791 2037 studio
1831 1978 2147 2038 delectatus
2201 1997 2339 2037 con·

394 2072 628 2150 tempsit
653 2072 913 2128 alterum.

476 2251 556 2308 II.
640 2249 757 2308 Sed
799 2268 930 2312 cum
957 2249 1282 2307 statuissem
1312 2249 1556 2309 scribere
1583 2250 1658 2309 ad
1699 2257 1759 2309 te
1785 2248 1998 2329 aliquid
2037 2250 2149 2308 hoc
2189 2255 2337 2308 tem-

396 2358 553 2418 pore,
575 2339 756 2396 multa
776 2339 1036 2416 posthac,
1054 2339 1133 2397 ab
1160 2357 1229 2396 eo
1250 2339 1422 2397 ordiri
1447 2341 1691 2399 maxime
1713 2341 1883 2409 volui,
1901 2340 2058 2418 quod
2085 2346 2146 2397 et
2173 2338 2338 2398 aetati

332 2437 366 2488 2
397 2437 515 2488 tuae
555 2435 707 2487 esset
733 2427 1104 2506 aptissimum,
1127 2435 1186 2486 et
1214 2429 1536 2487 auctoritati
1563 2446 1728 2489 meae.
1813 2431 1968 2488 Nam
1994 2449 2126 2487 cum
2152 2429 2338 2488 multa

398 2518 510 2578 sint
534 2519 591 2577 in
619 2518 984 2597 philosophia
1023 2528 1082 2575 et
1109 2518 1306 2601 grayia
1345 2524 1405 2576 et
1444 2518 1603 2579 utilia
1629 2509 1893 2579 accurate
1936 2520 2275 2598 copioseque
2302 2537 2339 2576 a

398 2609 749 2688 philosophis
778 2609 1103 2687 disputata:
1144 2607 1415 2668 latissime
1456 2614 1655 2686 patere
1681 2610 1951 2673 videntur
1985 2627 2076 2677 ea,
2100 2626 2233 2686 quae
2261 2607 2340 2666 de

276 2688 293 2735 ⁸
333 2705 369 2758 3
398 2699 592 2757 officiis
629 2698 843 2756 tradita
869 2698 948 2757 ab
984 2697 1092 2756 illis
1129 2705 1188 2756 et
1229 2692 1527 2776 praecepta
1566 2706 1717 2759 sunt.
1800 2699 1978 2763 Nulla
2017 2697 2165 2757 enim
2196 2698 2338 2756 vitae

398 2808 530 2866 pars
569 2806 753 2864 neque
782 2787 1039 2869 publicis,
1069 2807 1254 2864 neque
1293 2787 1545 2865 privatis,
1574 2806 1760 2867 neque
1785 2788 2121 2856 forensibuS,
2149 2804 2338 2865 neque

397 2876 721 2936 domesticis
747 2875 804 2933 in
831 2877 1035 2945 rehus;
1073 2894 1258 2953 neque
1286 2877 1334 2934 si
1359 2884 1550 2936 tecum
1577 2897 1718 2957 agas
1745 2878 1900 2956 quid,
1922 2897 2109 2955 neque
2128 2877 2177 2935 si
2203 2895 2338 2936 eum

397 2967 577 3025 altero
618 2965 936 3033 contrahas,
965 2984 1166 3047 vacare
1206 2965 1390 3024 officio
1416 2973 1644 3045 potest:
1693 2968 1752 3026 in
1778 2986 1960 3045 eoque
2000 2974 2060 3026 et
2097 2964 2339 3025 colendo

395 3055 507 3115 sita
552 3055 686 3114 vitae
745 3062 835 3113 est
872 3054 1139 3113 honestas
1187 3055 1387 3124 omnis,
1436 3063 1495 3114 et
1535 3057 1600 3115 -in
1637 3057 1979 3137 negligendo
2017 3055 2335 3134 turpitudo.

330 3151 369 3206 4
397 3147 597 3224 Atque
622 3145 752 3205 haec
780 3144 1013 3222 quidem
1053 3145 1299 3223 quaestio
1327 3147 1640 3205 communis
1669 3154 1756 3205 est
1796 3146 2047 3211 omnium
2086 3146 2336 3225 philoso-

399 3236 659 3315 phorum.
724 3234 863 3304 Quis
891 3241 980 3293 est
1002 3234 1175 3311 enim,⁴
1192 3235 1290 3313 qui
1317 3236 1485 3294 nullis
1513 3237 1677 3296 officii
1706 3236 2015 3316 praeceptis
2041 3235 2339 3295 tradendis

332 3335 368 3385 5
401 3325 806 3403 philosophum
845 3343 908 3383 se
947 3324 1159 3384 audeat
1199 3326 1385 3385 dicere
1402 3328 1429 3384 ‘2
1512 3326 1631 3391 Sed
1671 3333 1805 3384 sunt
1842 3325 2129 3384 nonnullae
2169 3325 2337 3385 disci-

209 3413 276 3459 ·⁸
396 3415 589 3495 plinae‚
616 3426 747 3491 quae
792 3416 1094 3493 propositis
1133 3412 1411 3474 bonorum
1452 3422 1513 3474 et
1550 3415 1830 3474 malorum
1855 3416 2060 3474 finibus
2088 3414 2339 3476 officium

335 3508 566 3563 &omne
595 3510 943 3581 pervertunt.
1012 3504 1164 3561 Nam
1192 3504 1290 3580 qui
1317 3523 1604 3563 summum
1633 3505 1847 3563 bonum
1873 3505 1953 3564 sic
1979 3504 2237 3573 instituit,
2269 3512 2339 3564 ut

397 3592 537 3655 nihil
574 3592 786 3651 haheat
825 3612 957 3651 cum
984 3592 1192 3652 virtute
1219 3593 1603 3672 conjunctum,
1630 3594 1805 3672 idque
1844 3595 1962 3654 suis
2002 3594 2335 3665 commodis,
