2592 4142
340 256 420 311 50
1173 273 1250 311 nu
1290 271 1548 329 ormena

377 403 425 459 6,
443 398 595 458 tatis.
674 398 864 458 Aliter
884 399 1083 478 ampla
1120 399 1326 463 domus
1365 399 1631 459 dedecori
1656 418 1814 478 saepe
1853 400 2081 460 domino
2106 400 2191 470 fit,
2219 400 2272 460 si
2295 407 2392 461 est

442 488 502 546 in
537 506 609 546 ea
648 488 917 557 solitudo,
959 496 1021 547 et
1057 489 1324 557 maxime,
1364 489 1412 547 si
1450 480 1762 567 aliquando
1793 489 1908 550 ahc
1945 489 2175 548 domino
2217 492 2389 550 solita

380 575 415 636 '1
444 583 535 636 est
571 577 933 658 frequentari,
1017 577 1299 637 Odiosum
1337 586 1434 637 est*
1464 579 1635 647 enim,
1675 594 1810 637 cum
1838 598 1876 638 a
1900 580 2388 658 praetereuntibus

444 666 684 727 dicitur:
1795 738 1800 742 ⁴

805 787 856 847 0
881 788 1082 846 domus
1106 790 1363 865 antiqua,
1391 789 1498 847 heu
1525 807 1699 865 quam
1722 789 1943 866 dispari

653 877 969 937 Dominam
992 879 1222 937 domino
1240 877 1269 937 J

378 1038 417 1092 8
443 1031 600 1111 quod
623 1031 858 1110 quidem
885 1031 975 1091 his
999 1032 1354 1111 temporibus
1379 1032 1438 1090 in
1462 1031 1657 1097 multis
1697 1031 1829 1092 licet
1867 1032 2072 1094 dicere.
2155 1035 2381 1103 Caven-

442 1120 584 1180 dum
607 1128 802 1180 autem
828 1128 934 1190 est,
965 1122 1281 1201 praesertim
1309 1121 1357 1180 si
1381 1121 1505 1200 ipse
1546 1121 1811 1191 aedifices,
1837 1141 1912 1181 ne
1938 1129 2112 1183 extra.
2137 1125 2380 1184 modum

441 1218 679 1290 sumptu
694 1218 758 1269 et
775 1210 1193 1290 magnificentia
1212 1211 1484 1289 prodeas:
1512 1228 1628 1289 quo
1645 1211 1706 1269 in
1729 1203 1940 1290 genere
1964 1213 2215 1274 multum
2242 1215 2394 1275 mali·

377 1303 414 1359 9
442 1299 614 1361 etiam
659 1300 720 1358 in
764 1300 1030 1377 exemplo
1069 1305 1172 1370 est.
1255 1299 1524 1358 Studiose
1563 1299 1713 1358 enim
1749 1298 2034 1379 plerique,·
2051 1304 2380 1379 praesertim

439 1388 503 1446 in
544 1390 692 1448 hanc
735 1395 976 1465 partem,
1005 1388 1161 1457 facta
1197 1388 1518 1466 principum
1562 1388 1885 1449 imitantur:
1927 1397 1995 1449 ut
2032 1391 2099 1450 L.
2129 1392 2376 1461 Luculli,

442 1478 651 1537 summi
674 1477 796 1545 viri,
824 1477 1096 1536 virtutem
1124 1479 1252 1555 quis
1276 1479 1303 1535 Ἰ
1347 1485 1411 1536 at
1433 1479 1805 1561 quammulti
1828 1479 2090 1539 villarum
2116 1481 2375 1559 magnifi-

442 1566 685 1637 centiam
710 1566 911 1625 imitati
936 1574 1112 1625 sunt.
1091 1568 1119 1609 ‘7
1162 1568 1418 1638 Quarum
1446 1567 1679 1645 quidem
1705 1573 1860 1628 certe
1885 1575 1977 1626 est
2014 1569 2376 1629 adhibendus

394 1698 403 1701 μ
428 1655 666 1724 modus,
685 1656 761 1713 ad
781 1655 1347 1734 mediocritatemque
1363 1656 1736 1717 revocandae.
1797 1656 2136 1735 Eademque
2156 1659 2373 1718 medio·

440 1744 612 1804 critas
632 1744 709 1804 ad
735 1763 962 1805 omnem
988 1764 1158 1804 usum
1179 1746 1515 1848 cultumque
1529 1746 1661 1807 vitae
1681 1745 2072 1807 transferenda
2090 1753 2197 1806 est.
2254 1748 2375 1808 Sed

439 1833 572 1894 haec
599 1835 894 1894 hactenus.

339 1928 415 1984 10
520 1924 592 1983 In
637 1924 789 1983 omni
836 1931 1031 1984 autem
1083 1924 1309 1984 actione
1355 1924 1715 2004 suscipienda
1760 1924 1867 1982 tria
1914 1930 2049 1983 sunt
2065 1925 2372 1987 tenenda:

439 2012 706 2093 primum,
733 2021 802 2071 ut
828 2014 1118 2094 appetitus
1153 2015 1356 2074 rationi
1395 2020 1629 2093 pareat,
1616 2033 1628 2047 ·
1670 2032 1786 2091 quo
1810 2012 1947 2072 nihil
1973 2022 2062 2072 est
2087 2014 2163 2073 ad
2191 2015 2375 2074 officia

440 2103 829 2168 conservanda
881 2103 1399 2165 accommodatius:
1471 2102 1695 2171 deinde,
1750 2109 1818 2162 ut
1870 2102 2372 2174 animadvertatur,

439 2197 656 2269 quanta
697 2191 794 2250 illa
835 2210 929 2250 res
970 2192 1062 2260 sit,
1102 2208 1279 2269 quam
1318 2192 1540 2251 efficere
1578 2192 1854 2261 velimu83
1894 2198 1962 2252 ut
1989 2212 2141 2275 neve
2167 2194 2371 2285 major,

437 2298 584 2339 neve
610 2280 794 2339 minor
821 2299 959 2338 cura
984 2287 1044 2338 et
1070 2299 1246 2359 opera
1272 2281 1631 2359 suscipiatur,
1660 2300 1834 2369 quam
1867 2300 2042 2340 causa
2080 2270 2371 2360 postulet.

439 2369 673 2430 tertium
703 2377 808 2438 est,
835 2377 903 2428 ut
930 2388 1248 2440 caveamus,
1275 2377 1344 2428 ut
1370 2389 1454 2438 ea,
1483 2389 1616 2448 quae
1658 2364 1941 2450 pertinent
1974 2371 2051 2429 ad
2076 2371 2373 2431 liberalem

340 2464 409 2520 11
440 2460 687 2539 speciem
732 2466 794 2521 et
843 2459 1198 2538 dignitatem,
1246 2459 1545 2519 moderata
1590 2460 1717 2518 sint.
1799 2458 2011 2518 Modus
2049 2456 2266 2519 autem
2282 2468 2375 2525 est

440 2550 706 2631 optimuS,
722 2550 913 2609 ‘decus
939 2551 1128 2628 ipsum
1152 2556 1369 2618 tenere,
1399 2549 1474 2607 de
1501 2568 1617 2626 quo
1643 2555 1775 2607 ante
1801 2548 2078 2618 diximmz,
2107 2568 2213 2611 nec
2241 2570 2373 2628 pro-

438 2642 602 2722 gredi
645 2642 884 2721 longiuS.
966 2642 1191 2712 Horum
1233 2647 1430 2698 tamen
1472 2639 1643 2715 trium
1669 2639 2239 2721 ‘praestantissimum
2264 2646 2371 2708 est,

439 2732 761 2810 appetitum
788 2733 1185 2808 obtemperare
1210 2730 1429 2788 rationi.
1507 2754 1510 2755 ⁷

508 2908 630 2965 XL.
659 2907 945 2985 Deinceps
973 2907 1048 2965 de
1074 2907 1329 2983 ordine,
1356 2927 1582 2966 rerum
1610 2914 1670 2967 et
1695 2906 1771 2965 de
1804 2905 2374 2985 opportunitate

439 3004 581 3057 tem
595 3017 635 3075 p
651 3015 686 3054 o
699 3015 854 3054 rum
881 2995 1185 3057 dicendum
1206 2994 1322 3055 est.'
1376 2997 1525 3056 Haec
1546 2990 1738 3055 autem
1759 2996 1991 3055 scientia
2017 2996 2375 3056 continentur

440 3105 527 3156 ea,
555 3104 755 3164 quam·
773 3085 966 3144 Graeci
1005 3086 1253 3161 εὐταξίαν
1280 3086 1603 3154 nominant3
1644 3104 1759 3144 non
1795 3086 1961 3153 hanc,
1990 3103 2164 3162 quam
2201 3084 2373 3143 inter-
2417 3104 2424 3113 ·

441 3184 735 3255 pretamur
758 3172 1113 3244 modestiam,
1143 3194 1257 3253 quo
1282 3175 1342 3233 in
1366 3176 1542 3234 verbo
1568 3174 1774 3235 modus
1799 3173 1984 3244 inest,
1970 3194 1984 3207 ·
2025 3172 2128 3232 sed
2160 3173 2260 3231 illa
2284 3181 2376 3233 est

377 3274 412 3325 2
439 3267 679 3341 εὐταξία,
719 3266 777 3324 in
816 3284 931 3343 qua
969 3264 1303 3342 intelligitur
1342 3264 1553 3322 ordinis
1591 3263 1961 3323 conservatio,
2041 3263 2265 3339 Itaque,
2307 3269 2376 3321 ut

441 3357 681 3417 eandem
707 3372 811 3414 nos
837 3355 1187 3413 modestiam
1203 3353 1580 3448 appellem-ua,
1599 3354 1678 3412 sic
1705 3353 1973 3413 definitur
1998 3370 2036 3411 a
2060 3351 2286 3421 Stoicis,
2305 3357 2376 3412 ut

441 3445 720 3511 modestia
744 3444 819 3502 sit
845 3443 1077 3503 scientia
1102 3462 1298 3502 earum
1318 3461 1525 3510 rerum,
1547 3462 1679 3520 quae
1702 3448 1946 3521 agentur
1972 3447 2075 3498 aut
2093 3440 2374 3511 dicentur,

379 3540 416 3592 3
442 3533 570 3592 loco
610 3553 714 3591 suo
758 3530 1231 3593 collocandarum.
1315 3533 1409 3593 Ita
1447 3531 1674 3590 videtur
1713 3530 1915 3589 eadem
1943 3512 2027 3589 vis
2068 3529 2279 3589 ordinis
2315 3538 2378 3594 et

443 3621 824 3680 collocationis
866 3620 1006 3680 fore.
1087 3621 1241 3685 Nam
1280 3628 1343 3687 et
1379 3620 1637 3681 ordinem
1663 3619 1745 3679 sic
1772 3618 2067 3686 definiunt,
2075 3624 2377 3698 scomposi-

1830 3754 1884 3773 ο.
1938 3740 2066 3777 .·”

1917 3788 1972 3813 Q
2067 3782 2086 3804 O
