2592 4142
927 274 1102 314 mmm
1128 270 1215 313 ιιι.
1298 269 1433 326 οΔΡ·.
1467 272 1564 316 xx,
2146 264 2261 319 102

222 369 490 484 unquam,
518 366 878 462 consfflatum
902 401 1224 470 videretur;
1264 402 1335 471 Q.
1373 401 1686 478 Metellum,
1721 403 1886 482 cujus
1925 404 2151 484 legatus
2198 370 2219 458 ⁶.

224 502 366 563 erat,
396 496 686 553 summum
710 491 895 549 virum
935 498 995 576 et
1035 491 1232 559 civem,
1262 511 1393 563 cum
1420 493 1607 562 abeo,
1645 493 1986 571 imperatore
2026 513 2150 564 suo,

223 584 475 643 Romam
514 581 720 639 missus
761 587 929 648 esset,
958 580 1116 658 ‘apud
1156 580 1435 682 populum
1474 582 1794 641 Romanum
1829 584 2153 657 criminatus

129 688 133 691 ⁴
213 680 334 743 est,
374 672 592 731 bellum
633 670 796 728 illum
836 669 1080 727 ducere:
1136 670 1194 727 si
1230 688 1293 728 se
1342 670 1655 729 consulem
1669 673 1951 742 fecissent,
1993 674 2153 734 brevi

223 772 506 844 tempore,
533 767 636 818 aut
662 759 871 827 vivum,
900 765 1004 817 aut
1036 766 1325 820 mortuum
1351 760 1390 818 J
1391 761 1702 838 ugurtham
1728 777 1790 820 se
1815 763 1874 820 in
1901 770 2152 841 potesta-
2302 809 2309 816 ,

222 860 344 911 tem
373 850 572 929 populi
610 848 851 906 Romani
877 839 1163 917 daturum.
1244 850 1453 926 Itaque
1477 845 1664 908 factus
1690 858 1779 910 est
1803 851 1898 910 ille
1922 853 2153 930 quidem
2180 858 2215 911 2

226 941 446 1009 consul,
475 938 579 998 sed
605 958 642 996 a
667 938 781 995 fide
812 937 1143 1015 justitiaque
1169 937 1442 1006 discessit,
1471 939 1569 1016 qui
1609 940 1886 1016 optimum
1926 949 1985 1000 et
2022 961 2151 1020 gra-

225 1031 524 1093 vissimum
561 1028 761 1097 civem,
789 1027 953 1105 cujus
992 1026 1240 1111 legatus,
1264 1033 1323 1086 et
1359 1045 1394 1084 a
1420 1046 1535 1104 quo
1559 1028 1765 1087 missus
1791 1036 1958 1098 esset,
1987 1029 2045 1087 in
2069 1030 2151 1087 in-

225 1120 441 1179 vidiam
465 1118 611 1194 fialso
638 1116 863 1175 crimine
889 1115 1223 1179 adduxerit.¹
1274 1117 1367 1174 Ne
1393 1125 1586 1176 noster
1612 1118 1841 1195 quidem
1870 1118 2149 1184 Gratidia-
2180 1125 2215 1177 3

224 1229 336 1268 nus
362 1208 546 1268 officio
572 1207 707 1265 boni
730 1205 832 1263 viri
857 1205 1087 1263 functus
1116 1211 1206 1263 est
1243 1212 1386 1274 tum,
1417 1197 1548 1278 cum
1588 1214 1805 1284 praetor
1841 1214 2010 1275 esset,
2038 1207 2152 1265 col-

226 1298 563 1400 legiumque
586 1302 897 1382 praetorum
922 1295 1131 1353 tribuni
1163 1294 1318 1372 plebi
1342 1289 1749 1365 adhibuissent,
1779 1304 1844 1359 ut
1870 1287 1961 1354 res
1988 1316 2151 1355 num-

224 1388 407 1446 maria
433 1387 507 1444 de
535 1383 818 1449 communi
843 1384 1120 1442 sententia
1140 1385 1593 1474 constitueretur.
1649 1386 1688 1445 J
1689 1387 1988 1448 actabatur
2007 1386 2155 1445 enim

224 1467 583 1554 temporibus
629 1475 737 1533 illis
783 1491 1045 1532 nummus
1077 1475 1191 1544 sic,
1238 1482 1306 1533 ut
1358 1495 1549 1536 nemo
1570 1484 1764 1558 posset
1806 1477 1967 1551 scire,
2016 1476 2153 1555 quid

226 1567 487 1638 haberet.
547 1563 1014 1652 Conscripserunt
1040 1555 1410 1624 communiter
1436 1567 1686 1625 edictum
1713 1587 1844 1636 cum
1870 1561 2055 1645 poena
2067 1573 2152 1623 at·
2180 1570 2219 1623 4

224 1674 340 1734 que
363 1653 611 1733 judicio;
654 1648 1195 1731 constitueruntque,
1220 1662 1287 1713 ut
1313 1674 1509 1714 omnes
1535 1649 1743 1715 simul'
1728 1676 1787 1714 m
1812 1664 1996 1714 rostra
2022 1662 2170 1733 post

223 1744 521 1803 meridiem
546 1741 931 1802 escenderent.
998 1743 1075 1801 Et
1102 1744 1274 1802 ceteri
1291 1745 1520 1821 quidem
1548 1744 1691 1802 alius
1718 1745 1857 1803 alio:
1885 1743 2098 1825 Marius
2119 1764 2154 1802 a
2181 1752 2217 1804 5

224 1833 509 1894 subselliis
547 1833 605 1890 in
642 1815 827 1890 rostra
865 1839 1038 1900 recta,
1070 1831 1259 1909 idque,
1288 1833 1448 1910 quod
1475 1834 1849 1891 communiter
1872 1833 2150 1911 composi·
2206 1888 2214 1894 .

223 1931 355 1982 tum
399 1922 602 1998 fuerat,
645 1921 799 1980 solus
846 1921 1037 1980 edixit.
1118 1922 1196 1979 Et
1243 1940 1313 1979 ea
1350 1940 1459 1990 reS‚
1501 1921 1549 1980 si
1587 1922 1813 1999 quaeris3
1855 1922 1907 1980 ei
1942 1927 2154 1999 magno

220 2011 430 2071 honori
453 2009 577 2070 fuit.
647 2011 924 2069 Omnibus
951 2011 1085 2070 vicis
1113 2017 1322 2071 statuae
1346 2029 1360 2068 ε
1403 2010 1479 2069 ad
1506 2029 1602 2069 eas
1626 2005 1739 2080 tus,
1769 2011 1945 2070 cereis
2002 2012 2155 2081 Quid

221 2102 411 2164 multa
430 2101 459 2160 ‘2‘
543 2102 1008 2179 Nemounquam
1035 2099 1380 2160 multitudini
1409 2100 1517 2159 fuit
1543 2099 1738 2160 carior.
1820 2101 1969 2160 Haec
1997 2107 2148 2170 sunt,
2180 2107 2216 2160 6

222 2212 361 2271 quae
411 2192 773 2250 conturbant·
794 2190 852 2248 in
893 2190 1293 2250 deliberatione
1340 2210 1761 2288 nonnunquam,
1806 2210 1938 2250 cum
1975 2190 2054 2260 id,
2096 2192 2155 2250 in

222 2300 345 2360 quo
384 2280 624 2339 violatur
664 2279 921 2362 aequitas,
963 2299 1077 2338 non
1113 2280 1193 2338 ita
1232 2282 1519 2359 magnum,
1562 2280 1701 2339 illud
1742 2288 1953 2351 autem,
1996 2280 2153 2384 quod

224 2390 300 2428 ex
348 2388 419 2428 eo
466 2369 699 2446 paritur,
747 2387 1122 2460 permagnum
1169 2369 1426 2429 videtur·
1485 2376 1583 2428 ut
1597 2370 1817 2440 Mario,
1846 2372 2156 2449 praeripere

225 2445 466 2536 collegis
507 2466 567 2516 et
604 2458 842 2516 tribunis
855 2458 962 2535 pl.
1009 2454 1343 2535 popularem
1386 2459 1644 2537 gratiam,
1673 2479 1787 2518 non
1828 2461 1908 2517 ita
1949 2466 2153 2540 turpe;

225 2547 522 2606 consulem
548 2548 624 2607 ob
650 2565 777 2608 eam
801 2566 924 2605 rem
950 2546 1085 2614 fieri,
1108 2547 1263 2627 quod
1292 2548 1398 2605 sibi
1426 2545 1550 2605 tum
1576 2555 1965 2634 proposuerat,
1984 2547 2154 2606 valde

226 2636 372 2694 utile
392 2636 706 2695 videbatur.
763 2635 880 2693 Sed
909 2635 1158 2694 omnium
1177 2654 1291 2693 una
1318 2636 1517 2714 regula
1536 2643 1641 2706 est,
1663 2649 1835 2713 quam
1860 2636 1963 2694 tibi
1989 2637 2155 2714 cupio
2185 2635 2220 2695 ’1

228 2745 360 2786 esse
386 2725 773 2784 notissimam:
817 2731 918 2783 aut
942 2724 1101 2793 illud,
1127 2724 1286 2802 quod
1314 2725 1450 2783 utile
1475 2724 1714 2793 videtur,
1742 2729 1912 2803 turPe
1946 2745 2019 2784 ne
2050 2726 2128 2784 sit'
2139 2744 2155 2795 ς

228 2822 360 2882 aut,
383 2815 431 2872 si
469 2819 638 2892 turpe
677 2820 792 2882 est,
811 2832 883 2872 ne
909 2814 1175 2872 videatur
1199 2832 1326 2872 esse
1351 2813 1506 2880 utile.
1590 2815 1738 2884 Quid
1764 2814 1983 2895 igitur?
2025 2835 2154 2893 pos·
2184 2821 2220 2874 8

227 2921 502 2962 sumusne
530 2910 632 2961 aut
655 2903 816 2974 illum
842 2903 1085 2970 Marium
1110 2902 1293 2961 virum
1312 2904 1525 2962 bonum
1547 2903 1818 2982 judicare,
1837 2911 1939 2966 aut
1955 2904 2107 2963 hunc
2124 2905 2154 2962 ‘2

226 2992 471 3070 Explica
497 2999 669 3069 atque
697 2999 902 3050 excute
927 2992 1354 3071 intelligentiam
1391 3000 1566 3062 tuam,
1595 2999 1663 3052 ut
1687 2994 1895 3063 videas,
1925 3014 2054 3072 quae
2085 2994 2158 3051 sit

225 3080 290 3139 in
316 3100 388 3139 ea
414 3080 651 3159 species,
678 3081 861 3141 forma
888 3088 948 3140 et
974 3082 1128 3139 notio
1153 3081 1257 3140 viri
1281 3083 1429 3141 boni.
1513 3083 1682 3141 Cadit
1717 3101 1856 3160 ergo
1893 3083 1952 3142 in
1975 3083 2157 3140 virum
2173 3086 2220 3139 ,9

226 3171 449 3230 bonum
487 3169 708 3228 mentiri
747 3170 1118 3229 emolumenti
1139 3171 1239 3230 sui
1261 3189 1468 3239 causa,
1500 3171 1792 3238 criminari,
1824 3171 2153 3248 praeripere,

230 3258 433 3317 fallere
448 3259 476 3317 ‘2
515 3248 522 3253 ’
557 3258 717 3317 Nihil
743 3260 999 3337 profecto
1024 3260 1227 3318 minus.
1309 3260 1417 3317 Est
1443 3276 1581 3337 ergo
1605 3258 1724 3338 ulla
1749 3277 1840 3316 res
1867 3258 2026 3326 tanti,
2057 3264 2158 3316 aut
2186 3262 2262 3317 10

230 3346 600 3407 commodum
624 3347 807 3422 ullum
831 3354 951 3406 tam
977 3346 1380 3426 expetendum,
1408 3354 1475 3406 ut
1500 3346 1604 3406 viri
1640 3346 1773 3405 boni
1799 3354 1859 3405 et
1894 3345 2156 3424 splendo-

228 3455 354 3495 rem
380 3444 440 3495 et
463 3456 671 3495 nomen
697 3437 925 3495 amittas
942 3439 969 3495 ‘3
1052 3437 1203 3507 Quid
1231 3445 1335 3506 est,
1366 3437 1519 3514 quod
1559 3436 1759 3496 afferre
1794 3443 2023 3494 tantum
2048 3435 2155 3494 uti·
2187 3442 2257 3495 11

228 3525 364 3584 litas
406 3525 533 3593 ista,
573 3545 702 3603 quae
737 3525 962 3595 dicitur,
1006 3527 1201 3603 possit,
1232 3533 1509 3604 quantum
1546 3526 1785 3594 auferre,
1812 3526 1860 3583 si
1899 3525 2033 3584 boni
2057 3524 2160 3583 viri

228 3632 444 3674 nomen
469 3614 753 3694 eripuerit,
782 3614 957 3674 fidem
983 3615 1374 3694 justitiamque
1401 3615 1751 3675 detraxerit?
1833 3614 1986 3686 Quid
2011 3614 2161 3675 enim
2189 3618 2263 3674 12

1216 3710 1290 3762 10
