2592 4142
299 232 415 288 104
1014 277 1019 281 .
1148 247 1228 289 ns
1255 247 1510 291 91119119

398 376 586 445 uicies,
611 375 770 455 quod
798 376 937 436 alios
964 378 1162 448 1191199,
1189 377 1329 436 91199
1351 378 1640 455 ‚sapientes
1673 378 2009 440 existimant.
2093 375 2186 438 Ex
2214 391 2336 455 quo

397 469 631 536 Ennius,
661 471 1026 544 nequicquam
1063 485 1246 542 sapere
1284 470 1598 542 sapientem,
1629 470 1731 544 qui
1777 470 1890 543 ipse
1928 470 2035 525 sibi
2069 470 2334 543 prodesse

397 578 509 616 non
552 560 746 633 quiret.
831 558 984 616 Vere
1027 558 1088 616 id
1128 558 1376 636 quidem,
1421 559 1484 628 si,
1528 559 1665 636 quid
1709 564 1859 616 esset
1892 560 2164 633 prodesse,
2195 559 2334 616 mihi

297 653 371 707 10
399 668 530 706 cum
557 649 739 706 Ennio
766 649 1103 706 conveniret.
1185 648 1538 708 Hecatonem
1565 649 1797 726 quidem
1824 648 2134 716 Rhodium,
2164 649 2333 706 disci·

401 738 601 816 pulum
642 735 895 806 Panaetii,
927 738 1091 795 video
1135 737 1194 795 in
1235 737 1302 795 iis
1341 738 1515 806 libris,
1557 757 1700 816 quos
1745 737 1819 795 de
1850 735 2055 795 officiis
2096 738 2335 815 scripsit

398 829 467 897 Q.
509 828 806 895 Tuberoni,
851 827 1057 896 dicere,
1112 826 1396 902 Sapientis
1436 846 1558 894 9999,
1601 828 1748 885 nihil
1788 835 1979 884 contra
2019 829 2333 895 171919919-

294 922 364 974 11
391 936 501 992 999,
532 918 790 975 instituta
807 913 1123 993 facimtem,
1154 918 1343 975 habere
1367 919 1638 975 rationem
1677 919 1758 974 m·
1785 918 2123 993 familiaris,
2209 917 2333 982 Ne-

396 1027 500 1083 que
518 1009 682 1066 enim
720 1008 904 1066 solum
947 1009 1103 1065 nobis
1137 1007 1332 1065 divites
1370 1026 1480 1065 9889
1518 1009 1792 1075 volumus,
1824 1008 1916 1064 sed
1959 1005 2158 1073 liber-ic,
2192 1007 2347 1081 pro·'

386 1099 638 1174 pinquis,
676 1098 886 1166 amicis,
930 1099 1269 1171 maximeque
1310 1099 1390 1154 rei
1427 1097 1684 1171 publicae.
1772 1097 2146 1170 Singulorum
2176 1098 2334 1154 enim

294 1192 366 1245 12
395 1189 707 1264 facultates
749 1198 800 1246 et
847 1190 1014 1263 copies
1054 1188 1267 1246 divitiae
1311 1196 1445 1245 sunt
1489 1188 1745 1244 civitatis.
1851 1186 2029 1244 Η919
2049 1186 2333 1245 Scaevoloe

393 1278 630 1347 factum,
659 1280 734 1340 de
762 1299 875 1357 quo
923 1277 1095 1356 paulo
1134 1284 1267 1335 ante
1307 1277 1441 1344 dixi,
1471 1276 1695 1355 placere
1712 1276 1879 1334 nullo
1912 1276 2089 1333 modo
2118 1281 2330 1354 potest.

395 1367 622 1426 Etenim
668 1370 893 1427 omnino
935 1374 1161 1425 tantum
1214 1385 1277 1424 se
1324 1374 1501 1445 negat
1544 1367 1833 1424 facturum
1879 1366 2204 1442 compendii
2243 1366 2334 1423 sui

395 1476 585 1525 causa,
616 1458 770 1535 quod
797 1477 911 1516 non
937 1457 1119 1516 liceat.
1203 1457 1356 1515 Huic
1383 1475 1490 1515 nec
1515 1457 1641 1515 laus
1662 1474 1871 1534 magna
1889 1454 2198 1513 tribuenda
2224 1474 2333 1513 nec

294 1550 366 1605 13
394 1547 581 1625 gratia
599 1553 707 1606 est.
768 1547 885 1606 Sed
904 1546 1021 1604 sive
1038 1545 1323 1604 simulatio
1343 1555 1403 1605 et
1420 1546 1792 1604 dissimulatio
1812 1545 1979 1606 dolus
1997 1544 2185 1602 malus
2206 1551 2332 1613 est,
2316 1562 2331 1578 ·

394 1654 696 1715 perpaucae
723 1656 814 1694 res
839 1644 991 1703 sunt,
1021 1635 1079 1693 in
1105 1636 1312 1713 quibus
1339 1655 1454 1695 ιιοιι
1493 1636 1660 1694 dolus
1687 1636 1794 1696 iste
1820 1635 2005 1693 malus
2033 1641 2331 1692 versetur:

395 1727 513 1785 sive
561 1726 647 1785 vir
701 1727 883 1785 bonus
932 1732 1052 1785 est
1073 1725 1138 1793 is,
1188 1725 1286 1803 qui
1341 1725 1594 1804 prodest,
1638 1724 1873 1801 quibus
1900 1731 2109 1802 potest,
2158 1731 2334 1782 nocet

383 1817 636 1885 nemini;
697 1823 853 1875 certe
907 1816 1080 1874 istum
1128 1816 1312 1873 virum
1361 1815 1573 1873 bonum
1624 1834 1739 1872 non
1784 1814 1948 1872 facile
1992 1813 2329 1891 reperimus.

294 1910 367 1964 14
396 1907 706 2009 Nunquam
741 1907 916 1986 igitur
950 1912 1040 1965 est
1081 1906 1219 1963 utile
1263 1924 1519 2007 peccare,
1557 1905 1691 1982 quia
1729 1922 1957 1981 semper
1989 1910 2084 1961 est
2122 1910 2330 1981 turpe:

395 2003 455 2055 et
480 1995 615 2074 quia
637 2016 867 2075 semper
893 2002 983 2056 est
1021 1996 1329 2098 honestum
1353 1994 1537 2053 911999
1579 1995 1791 2053 bonum
1819 2010 1960 2062 esse,
1988 2010 2218 2071 semper
2243 1999 2336 2051 est

394 2086 552 2145 utile.

474 2259 589 2323 XV
589 2264 636 2322 L
666 2263 759 2322 Ac
779 2264 854 2324 de
876 2263 1005 2342 jure
1019 2264 1254 2342 quidem
1276 2261 1621 2341 praediorum
1643 2270 1904 2320 sanctum
1929 2260 2088 2339 apud
2114 2279 2223 2319 nos
2243 2267 2335 2319 est

389 2355 520 2434 jure
567 2353 729 2422 civili,
767 2363 837 2411 ut
880 2354 938 2411 in
984 2354 1073 2411 his
1113 2354 1426 2412 vendendis
1466 2353 1601 2411 vitia
1649 2352 1987 2418 dicerentur,
2018 2369 2155 2428 quae
2192 2356 2334 2408 nota

331 2450 366 2502 2
395 2449 585 2503 essent
611 2443 905 2512 venditori.
987 2439 1322 2511 Namfcum
1347 2462 1419 2501 ex
1446 2442 1747 2501 duodecim
1776 2441 1984 2500 tabulis
2010 2441 2150 2498 satis
2176 2447 2341 2498 esset

394 2553 465 2594 ea
505 2535 779 2613 9119991111,
811 2553 941 2611 quae
980 2541 1170 2592 essent
1210 2534 1407 2610 lingua
1448 2539 1794 2610 nuncupata,
1826 2549 1953 2612 quae
1986 2530 2084 2607 qui
2127 2530 2330 2592 infitia-

397 2633 496 2686 tus
519 2632 688 2692 esset,
718 2624 879 2703 dupli
906 2643 1138 2703 poenam
1167 2623 1414 2703 subiret:
1456 2640 1495 2694 a
1524 2622 1670 2700 juris
1699 2620 1968 2683 consultis
1995 2620 2170 2677 etiam
2197 2619 2332 2677 reti·

332 2721 365 2772 3
397 2714 597 2782 centioe
625 2733 800 2791 poena
825 2721 914 2771 est
942 2714 1264 2772 constituta.
1349 2711 1634 2789 Quicquid
1674 2711 1822 2768 enim
1849 2716 2000 2768 esset
2027 2709 2084 2772 in
2112 2709 2333 2787 praedio

394 2804 532 2871 vitii,
557 2802 617 2861 id
643 2810 982 2870 statuerunt;
1012 2803 1061 2860 si
1087 2803 1347 2882 venditor
1360 2802 1571 2869 fsciret,
1610 2800 1716 2859 nisi
1754 2800 2083 2859 nominatim
2110 2799 2332 2863 dictum

329 2897 369 2951 4
397 2899 563 2960 esset,
588 2892 845 2971 praestari
872 2897 1150 2969 oportere.
1175 2929 1202 2956 a
1234 2882 1492 2960 Utscum
1512 2892 1570 2949 in
1596 2909 1733 2948 arce
1747 2890 2049 2968 augurium
2076 2908 2333 2968 augures

313 2999 318 3004 ·
394 2982 576 3041 acturi
620 2987 826 3049 essent,
864 2981 1277 3059 jussissentque
1321 2980 1402 3040 Ti.
1435 2981 1738 3040 Claudium
1767 2980 2189 3047 Centumalum,
2233 2982 2331 3059 qui

398 3073 549 3131 sedes
577 3073 635 3131 in
663 3068 848 3132 Coelio
865 3080 1063 3130 -monte
1104 3071 1373 3140 habebat,
1403 3071 1660 3130 demoliri
1686 3090 1771 3139 99,
1800 3090 2042 3148 quorum
2083 3069 2333 3129 altitudo

396 3164 647 3222 officere-t
690 3163 970 3240 auspiciiS‚
1025 3161 1299 3219 Claudius
1335 3227 1339 3231 ,
1346 3162 1680 3240 proscripsit
1701 3218 1716 3232 ,
1732 3160 1993 3228 insulam,
2014 3160 2330 3228 'vendidit;

331 3262 366 3312 5
396 3249 623 3312 emit'P.
647 3254 987 3331 Calpurnius
1005 3253 1294 3309 Lanarius
1380 3251 1529 3319 Huic
1558 3252 1633 3308 ab
1662 3250 1977 3329 auguribus
2004 3249 2148 3307 illud
2176 3249 2333 3307 idem

396 3344 800 3424 denuntiatum,
829 3348 931 3401 est.
1016 3344 1222 3420 Itaque
1250 3341 1593 3418 Calpurnius
1635 3361 1766 3398 cum
1809 3339 2112 3397 demolitus
2157 3327 2329 3406 esset,

396 3423 825 3510 cognossetque,
879 3431 1183 3514 Claudium
1236 3432 1389 3488 aedes
1443 3437 1645 3508 postea
1680 3428 2112 3506 proscripsisse,
2157 3447 2335 3506 quam

396 3529 547 3578 esset
586 3523 659 3582 ab
700 3521 1011 3599 auguribus
1051 3520 1307 3580 demoliri
1350 3520 1563 3597 jussus,
1595 3519 1872 3584 arbitrum
1912 3518 2073 3578 illum
2111 3517 2335 3597 adegit,

397 3627 757 3688 99199911),
796 3628 952 3667 s1131
990 3625 1217 3677 DARE,
1260 3627 1557 3674 rxcnau,
1592 3626 2003 3669 0999991199
2037 3626 2126 3665 nx
2166 3619 2338 3667 1111111

2538 2383 2546 2738 1
