2592 4142
972 221 1160 261 menn
1183 221 1226 262 1.
1308 219 1442 263 cu.
1470 221 1551 262 ιν.
2208 202 2284 260 11

243 371 313 412 se
352 349 769 419 accommodat,
797 350 1033 429 paulum
1056 349 1369 410 admodum
1397 348 1641 409 sentiens
1678 345 2035 427 praeteritum
2073 353 2179 407 aut

243 443 526 502 futumm.
604 441 801 517 Homo
850 446 1072 509 -autem,
1110 440 1269 518 quod
1313 440 1557 498 'rationis
1596 446 1685 498 est
1730 438 2031 516 particeps,
2073 454 2179 515 per

245 530 425 611 quam
480 516 897 608 consequentia
925 531 1116 598 cernit,
1161 526 1363 589 causas
1414 549 1608 588 rerum
1653 528 1826 597 videt,
1868 545 2178 604 earumque

245 628 588 703 progressus
627 626 687 679 et
724 620 886 698 quasi
924 620 1335 678 antecessiones
1361 637 1485 678 -non
1521 620 1763 698 ignorat,
1790 614 2177 679 similitudines

247 717 563 790 comparat,
592 709 878 787 rebusque
917 710 1295 789 praesentibus
1322 694 1587 788 adjungit
1611 715 1785 786 atque
1810 707 2064 769 adnectit
2079 706 2177 766 --fu

246 808 446 867 turas3
487 799 653 858 facile
679 799 855 861 totius
884 799 1020 858 vitae
1050 818 1289 858 cursum
1295 798 1482 867 videt,
1491 798 1566 856 ad
1593 817 1833 902 eamque
1853 796 2190 877 degendam

249 896 545 971 praeparat
584 907 679 949 res
712 889 1074 951 ne’c'esmrias.
1155 889 1486 964 Eademque
1511 895 1714 946 natura
1737 889 1794 948 vi
1818 887 2049 948 rationis
2073 887 2176 946 ho·
2203 890 2245 947 4

247 980 477 1040 minem
498 978 760 1050 conciliat
796 978 1008 1038 homini
1046 985 1106 1037 et
1144 968 1222 1037 ad
1262 977 1527 1037 orationis
1566 984 1625 1037 et
1649 978 1727 1036 ad
1764 978 1920 1037 vitae
1940 977 2178 1037 societa-

249 1079 391 1139 tem,
417 1070 821 1171 ingeneratque
854 1067 914 1126 in
954 1067 1152 1146 primis
1191 1068 1545 1147 praecipuum
1581 1066 1888 1155 quemdam
1926 1085 2183 1129 amorem

246 1160 311 1220 in
349 1179 464 1226 eos,
494 1158 591 1236 qui
628 1157 912 1236 procreati
951 1164 1103 1227 sunt,
1144 1156 1515 1235 impellitque,
1556 1162 1624 1215 ut
1660 1156 1956 1215 hominum
1995 1162 2183 1216 coetus

249 1257 314 1310 et
353 1248 757 1309 celebrationes
794 1254 855 1307 et
879 1266 1022 1317 esse,
1051 1254 1113 1306 et
1138 1266 1175 1305 a
1199 1266 1263 1306 se
1288 1247 1432 1306 obiri
1457 1246 1611 1316 velit,
1639 1247 1716 1307 ob
1742 1264 1952 1325 easque
1971 1264 2183 1309 ,causas

249 1339 483 1399 studeat
536 1356 737 1416 parare
780 1355 869 1406 ea,
911 1356 1045 1416 quse
1089 1337 1460 1415 suppeditent
1493 1343 1572 1395 et
1622 1336 1704 1403 ad
1739 1337 1961 1395 cultum
2000 1342 2061 1399 et
2104 1333 2186 1397 ad

248 1429 486 1496 victum,
528 1446 634 1486 nec
674 1426 782 1496 sibi
816 1427 940 1496 soli,
978 1426 1103 1486 sed.
1126 1426 1379 1505 conjugi,
1418 1426 1625 1495 liberis,
1667 1427 1999 1504 ceterisque,
2034 1444 2181 1504 quos

251 1537 416 1579 caros
453 1518 665 1577 habeat
702 1516 963 1595 tuerique
1002 1516 1228 1576 debeat.
1302 1517 1459 1586 Qae
1498 1535 1637 1589 cura
1674 1517 1984 1577 exsuscitat
2008 1516 2183 1590 etiam

250 1608 470 1668 animos
516 1614 578 1665 et
618 1606 876 1709 :majores
906 1605 983 1663 ad
1020 1625 1144 1665 rem
1181 1588 1494 1686 gerendam
1531 1606 1686 1667 facit.
1766 1607 1839 1666 In
1875 1606 2248 1685 primisque5

251 1697 495 1758 hominis
519 1702 610 1755 est
626 1696 860 1775 propria
876 1693 998 1755 veri
1020 1695 1318 1773 inquisitio
1329 1703 1504 1799 atque
1515 1695 1895 1798 investigatio.
1976 1696 2185 1774 Itaque
2302 1682 2358 1730 ¹‘

252 1807 388 1846 cum
412 1803 611 1844 snmus
646 1785 976 1845 necessariis
1013 1785 1254 1864 negotiis
1294 1786 1557 1864 curisque
1582 1786 1764 1855 vacui,
1792 1793 1919 1846 tum
1952 1803 2186 1853 avemus

251 1876 465 1955 aliquid
491 1874 700 1947 videre,
728 1875 946 1943 audii-e,
975 1872 1306 1934 addiscere·
1350 1874 1842 1953 cognitionemque
1867 1894 2056 1933 rerum
2082 1881 2186 1934 aut

251 1967 607 2028 occultarum
626 1972 729 2024 aut
746 1964 1160 2033 admirabilium
1186 1964 1263 2022 ad
1289 1965 1472 2023 beate
1482 1962 1788 2033 vivendum
1811 1963 2188 2025 necessariam

253 2057 533 2117 ducimus.
596 2056 729 2113 ’.Ειι
741 2072 857 2133 quo
911 2053 1259 2133 intelligitur
1307 2053 1467 2132 quod
1519 2071 1735 2121 verum,
1774 2052 2021 2132 simplex
2073 2053 2185 2113 sin·

253 2165 559 2249 ceramque
598 2145 688 2214 sit,
728 2145 790 2204 id
829 2162 957 2205 esse
1007 2150 1230 2205 naturae
1285 2143 1527 2203 hominis
1579 2142 1952 2225 aptissimum.
2034 2142 2188 2203 Huic
2212 2147 2251 2204 6

252 2235 390 2296 veri
396 2234 628 2294 videndi
652 2233 951 2313 cupiditati
987 2233 1264 2312 adjuncta
1291 2240 1384 2293 est
1407 2228 1685 2321 appetitio
1723 2232 1992 2312 quoedam
2031 2233 2242 2312 prin·-

253 2326 495 2427 cipatus,
521 2330 590 2383 ut
627 2324 833 2383 nemini
873 2342 1073 2402 parere
1114 2323 1336 2384 animus
1377 2316 1523 2384 bene
1561 2323 1896 2385 informatus
1920 2341 1957 2387 a
1981 2330 2190 2384 natum
2285 2367 2308 2430 ι

253 2414 425 2484 velit,
436 2414 542 2473 nisi
581 2413 946 2493 praecipienti,
974 2421 1077 2472 aut
1115 2412 1360 2482 docenti,
1391 2420 1495 2472 aut
1538 2412 1799 2473 utilitatis
1827 2422 2001 2472 causa
2029 2413 2235 2494 juste

254 2511 317 2565 et
352 2503 603 2584 legitime
640 2503 972 2581 imperanti:
1014 2514 1088 2562 ex'
1126 2522 1242 2581 quo
1281 2503 1619 2581 magnitudo
1656 2502 1827 2561 animi
1851 2502 2056 2561 existit
2080 2503 2188 2563 ha-

255 2612 663 2671 manarumque
708 2611 902 2653 rerum
947 2591 1308 2670 contemptio.
1390 2591 1516 2651 Nec
1562 2609 1700 2670 vero
1743 2591 1843 2651 illa
1887 2608 2065 2669 parva
2103 2610 2190 2653 m
2218 2589 2254 2652 'l
2355 2610 2360 2616 ·

253 2690 476 2742 naturae
513 2689 603 2743 est
635 2682 998 2760 rationisque,
1044 2680 1201 2760 quod
1239 2692 1420 2741 unum
1455 2680 1568 2741 hoc
1593 2679 1803 2741 animal
1837 2680 2024 2750 sentit,
2052 2680 2195 2760 quid

256 2773 331 2832 sit
366 2771 527 2840 ordo,
556 2771 693 2850 quid
721 2772 810 2840 sit,
839 2772 997 2851 quod
1032 2772 1254 2842 demat,
1281 2771 1341 2831 in
1365 2770 1531 2831 factis
1565 2770 1848 2850 dictisque
1866 2771 1966 2851 qui
1983 2764 2215 2833 modus.
2311 2741 2333 2796 ¹

255 2863 465 2939 Itaque
517 2880 716 2921 eorum
768 2861 1040 2940 ipsorum,
1095 2874 1229 2939 quoe
1283 2861 1525 2940 aspectu
1583 2856 1920 2930 sentiuntur,
1967 2861 2191 2925 nullum

254 2951 414 3011 aliud
473 2946 680 3011 animal
738 2951 1238 3030 pulchritudinem,
1300 2957 1680 3022 venustatem,
1743 2951 2210 3013 convenientiam

255 3041 507 3121 partium
565 3040 751 3100 sentit.
834 3041 1022 3112 Quam
1075 3041 1495 3103 similitudinem
1535 3048 1754 3103 natm
1804 3041 2062 3119 ratioque
2114 3041 2259 3100 abn

254 3131 438 3190 oculis
476 3129 554 3189 ad
594 3131 844 3189 animum
881 3131 1242 3201 transferens,
1282 3133 1466 3192 multo
1504 3132 1679 3192 etiam
1715 3131 1900 3213 magia
1940 3129 2192 3211 pulchri-

253 3220 536 3291 tudinem„
563 3220 958 3297 constantiam,
986 3221 1300 3281 ordinem
1282 3241 1342 3280 ιιι
1382 3221 1623 3280 consiliis
1662 3218 1942 3296 factisque
1967 3237 2192 3278 conser-

254 3309 513 3368 vandum
553 3315 740 3388 putat,
771 3317 1066 3388 cavetque,
1095 3329 1169 3370 ne
1204 3310 1344 3388 quid
1384 3309 1649 3369 indecore
1687 3308 2100 3369 effeminateve
2105 3305 2194 3366 fa-

255 3399 404 3467 ciat3
444 3405 571 3458 tum
609 3399 675 3458 in'
707 3399 966 3482 omnibus
1005 3407 1067 3460 ct
1103 3384 1464 3480 opinionibus
1497 3405 1557 3459 et
1594 3398 1780 3471 factiS,
1806 3416 1879 3457 ne
1905 3396 2044 3476 quid
2068 3396 2226 3458 libi-

257 3488 459 3549 dinose
497 3495 601 3551 aut
637 3489 812 3573 faciat
855 3497 958 3550 aut
1004 3491 1236 3570 cogitet.
1318 3489 1542 3560 Quibus
1586 3506 1660 3548 ex
1704 3489 1876 3549 rebus
1915 3488 2196 3549 conflatur
2222 3493 2260 3555 9

256 3584 320 3639 et
372 3578 622 3640 efficitur
667 3580 748 3651 id,
788 3579 946 3661 qnod
991 3580 1322 3660 quaerimus,
1361 3581 1701 3642 honestum.
1758 3578 1933 3657 quod,
1971 3578 2197 3641 etiamsi
