2592 4142
326 263 443 319 loo
1149 273 1228 314 nn
1255 271 1514 314 omem

324 411 400 467 12
428 404 901 466 cedaemoniorum
916 422 1058 483 opes
1074 420 1309 466 necesse
1334 407 1502 461 esset.
1585 398 1759 470 Quod
1779 398 2071 458 Aristides
2093 417 2232 484 cum
2256 416 2359 458 au·

426 496 624 563 disset,
667 495 727 554 in
780 494 1107 554 concionem
1157 510 1371 571 magna
1424 490 1818 569 expectatione
1856 489 2031 557 venit,
2079 489 2361 567 dixitque,

427 585 669 664 perutile
698 602 823 644 esse
862 583 1172 650 consilium,
1211 581 1369 659 quod
1395 579 1805 640 Themistocles
1844 579 2090 647 afferret,
2121 579 2230 638 sed
2253 580 2357 638 mi-v

369 703 372 706 ·
424 675 578 734 nime
603 675 923 735 honestum.
1005 674 1214 751 Itaque
1251 671 1653 738 Athenienses,
1694 669 1853 748 quod
1892 670 2205 730 honestum
2243 688 2360 730 non

425 771 595 833 esset,
609 764 671 822 id
686 757 764 823 ne
774 762 1162 841 utilequidem
1175 767 1548 839 putaverunt:
1577 767 1871 846 totamque
1888 777 2170 828 eam'rem,
2186 777 2362 836 quam

324 860 400 914 13
428 872 501 913 ne
529 854 826 912 audierant
845 853 1092 931 quidem,
1111 857 1345 910 auctore
1360 849 1615 912 Aristide
1633 849 2093 928 repudiaverunt.
2153 848 2362 908 Melius

425 943 508 1013 hi,
521 962 695 1022 quam
711 962 835 1012 noS,
852 942 951 1021 qui
969 942 1186 1022 piratas
1200 941 1499 1009 immunes,
1521 938 1706 999 socios
1731 938 2042 1019 vectigales
2057 939 2360 998 habemus.

504 1121 643 1182 XII.
684 1114 916 1181 Maneat
934 1139 1093 1201 erge,
1120 1119 1278 1198 quod
1304 1125 1487 1197 turpe
1501 1118 1592 1187 sit,
1620 1117 1682 1176 id
1708 1136 2000 1197 nunquam
2026 1136 2156 1177 esse
2180 1118 2363 1188 utile;

425 1230 502 1270 ne
528 1218 656 1270 tum
694 1211 944 1289 quidem,
972 1232 1105 1271 eum
1144 1210 1222 1278 id,
1250 1208 1410 1287 quod
1448 1225 1574 1267 esse
1617 1208 1758 1267 utile
1804 1214 1994 1286 putes,
2023 1207 2363 1287 adipiscare.

426 1301 559 1360 Hoc
585 1301 735 1360 enim
749 1301 941 1380 ipsum
960 1301 1099 1361 utile
1120 1306 1344 1379 putare,
1366 1298 1524 1377 qnod
1540 1306 1713 1377 turpe
1729 1298 1821 1367 sit,
1841 1298 2237 1357 calamitosum
2252 1305 2362 1358 est.

362 1396 399 1449 2
428 1390 546 1450 Sed
570 1391 841 1458 incidunt,
869 1397 938 1449 ut
965 1408 1139 1468 supra
1165 1389 1299 1458 dixi,
1326 1408 1483 1467 saepe
1510 1406 1718 1457 causas,
1747 1406 1878 1447 cum
1896 1384 2223 1467 repugnare
2250 1389 2363 1448 uti-

426 1479 557 1539 litas
582 1480 867 1550 honestati
893 1479 1171 1549 videatur,
1199 1485 1268 1538 ut
1291 1478 1856 1542 animadvertendum
1881 1478 1970 1547 sit,
1998 1477 2364 1561 repugnetne

362 1574 398 1628 8
427 1568 613 1648 plane,
642 1587 717 1627 an
744 1569 928 1648 possit
951 1587 1087 1628 cum
1121 1569 1425 1627 honestate
1468 1568 1754 1647 conjungi
1835 1568 1978 1646 Ejus
2016 1567 2243 1647 generis
2267 1568 2366 1626 hae

425 1664 564 1717 sunt
600 1658 980 1736 quaestiones:
1024 1659 1104 1728 Si,
1142 1658 1391 1737 exempli
1428 1658 1628 1737 gratia,
1657 1658 1744 1716 vir
1769 1658 1953 1717 bonus
1991 1657 2366 1716 Alexandrea

425 1747 700 1810 Rhodum
733 1767 1018 1834 magnum
1045 1749 1316 1829 frumenti
1353 1766 1654 1807 numerum
1694 1748 1991 1807 advexerit
2014 1748 2074 1806 in
2101 1747 2363 1806 Rhodio-

424 1856 556 1897 rum
590 1838 787 1917 inopia
829 1845 891 1898 et
931 1839 1082 1897 fame
1125 1856 1460 1916 summaque
1505 1856 1745 1896 annonae
1790 1838 2023 1908 caritate
2046 1856 2062 1906 3
2112 1838 2161 1896 si
2205 1837 2364 1896 idem

426 1928 587 1997 sciat,
613 1927 942 2007 complures
979 1934 1327 1987 *mercatores
1368 1925 1737 1986 Alexandrea
1776 1926 2026 1996 solvisse,
2067 1945 2365 2005 navesque

424 2016 485 2077 in
512 2037 703 2086 eursu,
730 2018 1017 2080 trumento
1042 2024 1292 2086 onustas,
1313 2023 1574 2095 petentes
1599 2016 1881 2077 Rhodum·
1898 2016 2134 2075 viderit:
2176 2017 2365 2075 dictu-

426 2126 599 2166 rusne
627 2107 700 2165 sit
725 2106 788 2166 id
815 2107 1076 2176 Rhodiis,
1105 2126 1179 2165 an
1219 2106 1440 2166 silentio
1484 2125 1656 2165 suum
1683 2101 1855 2183 quam
1894 2106 2139 2184 plurimo
2164 2106 2393 2166 vendi-v

360 2199 401 2254 4
425 2202 591 2256 turus
607 2197 636 2254 ‘2
717 2196 1052 2275 Sapientem
1080 2204 1140 2255 et
1165 2198 1382 2257 bonum
1408 2196 1593 2255 virum
1619 2196 1920 2274 fingimus:
1964 2196 2039 2255 de
2065 2196 2192 2274 ejus
2220 2196 2363 2255 deli-

427 2285 718 2345 beratione
744 2294 805 2345 et
846 2287 1255 2345 consultatione
1283 2287 1606 2365 q‘uaerimus,
1637 2286 1737 2364 qui
1775 2285 1897 2345 cela
2101 2285 2364 2345 Rhodios

428 2391 546 2433 non
570 2375 664 2443 sit,
692 2375 741 2438 si
766 2376 825 2434 id
865 2375 1037 2455 turpe
1072 2375 1310 2454 judicet,
1353 2377 1456 2434 sed
1497 2292 2063 2455 dubitenffffiz
2082 2413 2087 2420 ·
2109 2395 2226 2435 non
2266 2376 2362 2435 sit.

364 2472 400 2527 5
429 2466 501 2526 In
543 2465 875 2544 hujusmodi
911 2466 1097 2526 causis
1138 2466 1295 2525 aliud
1337 2466 1582 2546 Diogeni
1622 2466 1938 2544 Babylonio
1975 2465 2153 2524 videri
2195 2461 2362 2535 solet,

426 2575 639 2636 magno
666 2562 726 2616 et
751 2551 913 2636 gravi
939 2557 1163 2616 Stoico:
1206 2556 1365 2615 aliud
1402 2556 1727 2635 Antipatro,
1757 2555 2034 2634 discipulo
2074 2555 2218 2636 ejus,
2253 2556 2363 2614 ho-

379 2645 385 2650 ”
429 2646 567 2704 mini
592 2641 937 2707 acutissimo.
1019 2647 1348 2726 AntipatrO,
1377 2646 1565 2705 omnia
1591 2646 1999 2724 patefacienda,
2027 2652 2096 2703 ut
2119 2663 2192 2703 ne
2220 2645 2365 2722 quid

430 2735 675 2803 omnino,
704 2737 861 2813 quod
888 2737 1149 2795 venditor
1171 2737 1340 2816 norit,
1369 2744 1596 2814 emptor
1633 2736 1891 2814 ignoret3
1934 2735 2194 2813 Diogeni,
2223 2754 2362 2793 ven-

428 2823 687 2896 ditorem,
731 2832 1012 2902 quatenus
1061 2826 1190 2903 jure
1245 2815 1395 2884 civili
1446 2826 1817 2884 constitutum
1856 2826 1947 2893 sit,
1991 2825 2181 2884 dicere
2223 2824 2366 2882 vitia

429 2919 709 2990 oportere,
740 2920 929 2982 cetera
956 2914 1074 2973 sine
1100 2915 1312 2973 insidiis
1339 2934 1510 2994 agere
1534 2934 1547 2982 ;
1589 2921 1648 2973 et
1669 2915 1935 2992 quoniam
1958 2914 2189 2983 vendat,
2212 2914 2364 2972 velle

365 3008 402 3061 6
429 3021 622 3080 quam·
644 3002 857 3081 optime
883 3003 1145 3080 vendere,
1225 3004 1473 3073 Advexi,
1500 3004 1754 3084 exposui,
1782 3004 1971 3063 vendo
2010 3023 2205 3076 meum
2245 3023 2367 3062 non

431 3093 626 3173 pluris,
656 3112 828 3171 quam
870 3093 1060 3161 ceteri,
1101 3094 1342 3152 fortasse
1385 3094 1557 3152 etiam
1595 3093 1841 3161 minoris»,
1885 3113 2017 3153 cum
2059 3093 2246 3171 major
2268 3100 2366 3153 est

360 3181 399 3238 '7
430 3183 621 3261 copia:
646 3183 738 3242 cui
756 3183 821 3242 fit
836 3169 1077 3262 injuria?
1118 3183 1386 3241 Exoritur
1398 3183 1688 3266 Antipatri
1704 3184 1848 3241 ratio
1861 3202 1934 3241 ex
1958 3183 2139 3242 altera
2154 3189 2324 3260 parte
2346 3202 2362 3241 τ

430 3272 582 3342 Quid
611 3273 692 3331 ais
710 3274 738 3331 ‘2
819 3274 922 3341 Tu,
953 3293 1085 3333 cum
1112 3273 1436 3332 hominibus
1476 3273 1769 3332 consulere
1809 3273 2037 3342 debeas,
2066 3278 2127 3330 et
2153 3272 2366 3331 servire

428 3363 696 3422 humanae
721 3363 993 3432 societati,
1023 3382 1204 3441 eaque
1241 3363 1373 3442 lege
1411 3369 1581 3421 natus
1622 3363 1715 3432 εἰει,
1746 3370 1806 3420 et
1844 3382 1914 3422 ea
1953 3363 2167 3421 habeas
2209 3362 2364 3440 prin-

432 3452 580 3529 cipia
603 3460 841 3519 naturae,
870 3446 1074 3529 quibus
1102 3471 1318 3530 parere,
1349 3460 1408 3510 et
1435 3465 1589 3529 quae‘
1606 3453 1766 3529 sequi
1793 3452 2022 3521 debeaS,
2052 3460 2119 3510 ut
2147 3452 2366 3510 utilitas

430 3548 533 3602 tua
557 3536 871 3598 communis
900 3542 971 3599 sit
997 3542 1229 3609 utilitas,
1259 3542 1619 3619 vicissimque
1660 3542 1974 3606 communis
2001 3542 2220 3600 utilitas
2259 3549 2367 3599 tua

434 3628 544 3696 sit3
585 3627 794 3686 celabis
819 3629 1092 3698 homines,
1121 3630 1260 3707 quid
1284 3630 1353 3689 iis
1392 3631 1543 3690 adsit
1568 3631 1990 3691 commoditatis
2028 3638 2090 3690 et
2122 3631 2316 3710 ‘copiae
2334 3632 2365 3692 ¹?

1636 3713 1661 3739 ,
1922 3719 1929 3722 .
