2592 4142
939 286 1115 328 menn
1152 288 1272 354 111.-
1325 287 1460 329 oAP.
1501 289 1623 330 xtx.
2183 271 2298 330 10⁷

256 410 374 475 bus
395 415 509 474 hoc
535 414 1090 476 locodisserendum
1109 419 1233 475 est:
1274 416 1374 495 qui
1399 436 1514 476 non
1539 417 1726 477 verbis
1752 424 1887 478 sunt
1912 424 1973 477 et
1998 417 2193 496 dispu-

254 505 474 564 tatione
500 505 989 584 philosophorum,
1019 507 1122 565 sed
1148 507 1344 568 vinclis
1369 514 1430 565 et
1456 523 1691 567 carcere‘
1707 507 2019 587 fatigandi..
2071 507 2192 567 Sed

252 595 385 654 haec
415 595 853 663 consideremus,
877 614 1010 673 quoe
1033 596 1254 654 faciunt
1265 597 1320 665 ii,
1343 597 1442 674 qui
1467 596 1752 656 habentur
1778 599 1928 658 boni.
1998 598 2065 658 L.
2084 598 2191 658 Mi-
2220 604 2257 658 8

252 685 406 743 nuoii
434 685 621 753 Basili,
649 685 951 763 locupletis
980 683 1239 754 hominis,
1266 687 1477 745 falsum
1515 692 1920 759 testamentum
1959 688 2193 767 quidam

253 793 286 834 e
319 774 545 833 G—raecia
569 776 813 834 Romam
839 775 1171 835 attulerunt.
1253 776 1424 845 Quod
1452 795 1568 853 quo
1594 777 1812 836 facilius
1852 779 2189 849 obtinerent,
2218 782 2258 837 4
2290 837 2299 842 ,

233 865 605 943 ,scripserunt
646 864 888 924 heredes
921 884 1126 924 secum
1168 865 1250 924 M.
1284 866 1560 925 Crassum
1600 874 1661 924 et
1699 867 1768 937 Q„
1800 867 2188 937 Hortensium,

249 955 514 1020 homines
532 954 794 1033 ejusdem
816 955 1000 1012 aetatis
1027 955 1450 1033 potentsssir'nos
1472 974 1503 1013 ε.
1529 956 1644 1034 qui,
1667 976 1800 1015 cum
1817 957 1958 1017 illud
1978 958 2189 1017 falsum

248 1063 380 1104 esse
409 1045 848 1123 suspicarentur,
878 1044 985 1102 sibi
1023 1051 1219 1103 autem
1259 1045 1472 1103 nullius
1512 1051 1711 1103 essent·
1745 1047 1952 1106 conscii
1978 1048 2188 1125 culpae,

249 1134 421 1196 alieni
445 1131 714 1192 facinoris
726 1134 1129 1198 munusculum
1155 1154 1271 1193 non
1294 1133 1757 1212 repudiaverunt.
1808 1136 1979 1205 Quid
2007 1156 2145 1215 ergo
2161 1138 2190 1196 ἱ)
2219 1145 2257 1198 5

211 1251 216 1258 ·
248 1223 422 1282 safin’
444 1232 535 1283 est
558 1225 688 1292 hoc,
704 1230 771 1282 ut
795 1242 910 1282 non
935 1223 1239 1302 deliquisse
1257 1224 1559 1284 videantur
1575 1225 1603 1283 ‘2
1671 1224 1814 1283 Mihi
1829 1224 2060 1303 quidem
2078 1245 2193 1285 non

246 1313 518 1373 videtur:
558 1332 905 1391 quamquam
942 1311 1186 1372 alterum
1211 1314 1406 1373 vivum
1448 1314 1651 1383 amavi,
1682 1315 1928 1375 alterum
1944 1334 2068 1374 non
2094 1316 2194 1376 odi

246 1410 561 1462 mortuum.
643 1403 763 1461 Sed
799 1422 935 1462 cum
963 1404 1187 1474 Basilus
1214 1404 1294 1462 M.
1326 1403 1595 1473 Satrium,
1634 1406 1840 1464 sororis
1866 1405 2060 1475 filium,
2089 1417 2189 1466 no·
2218 1412 2256 1467 6

246 1512 388 1552 men
426 1491 596 1551 sunm
635 1493 782 1551 ferre
824 1489 1112 1562 voluisset,
1142 1511 1388 1572 eumque
1433 1486 1665 1555 fecisset
1706 1495 1978 1556 heredem
2011 1495 2189 1577 (hunc

246 1582 385 1641 dico
411 1590 714 1660 patronum
749 1583 876 1662 agri
899 1582 1095 1641 Piceni
1133 1590 1195 1642 et
1229 1584 1463 1643 Sabini:
1506 1604 1542 1644 o
1569 1593 1799 1664 turpem
1824 1593 2020 1646 notam
2046 1594 2191 1647 tem-

246 1692 460 1751 porum
479 1672 703 1732 illorum
721 1671 761 1751 l)
781 1692 920 1731 num
940 1679 1064 1731 erat
1084 1679 1330 1752 aequum,
1351 1675 1634 1753 principes
1652 1676 1791 1733 civis
1807 1694 1931 1734 rem
1950 1676 2186 1747 habere,

244 1763 328 1821 ad
361 1762 613 1836 Satrium
641 1763 777 1821 nihil
808 1769 1023 1840 praeter
1038 1775 1248 1822 nomen
1267 1764 1562 1842 pervenire
1580 1765 1608 1823 ‘2
1660 1765 1916 1826 fEtenim
1937 1765 1985 1823 si
2004 1766 2069 1832 is,
2093 1767 2192 1844 qui
2220 1767 2255 1828 ‘7

244 1871 367 1911 non
398 1852 650 1911 defendit
687 1852 966 1930 injuriam,
994 1871 1181 1930 neque
1221 1841 1540 1931 propulsat,
1571 1873 1709 1912 cum-
1741 1860 1950 1931 potest,
1980 1855 2191 1933 injuste

244 1942 404 2011 facit,
433 1949 501 2001 ut
527 1941 795 2020 inprime
833 1942 979 2001 libro
1017 1942 1290 2011 disserui3
1334 1942 1515 2020 qualis
1556 1942 1856 2012 habendus
1885 1950 1977 2002 est
1999 1944 2066 2013 is,
2094 1944 2192 2023 qui

243 2051 366 2091 non
410 2032 584 2091 modo
621 2050 737 2090 non
777 2031 1021 2110 repellit,
1051 2029 1155 2091 sed
1183 2031 1355 2091 etiam
1381 2031 1622 2111 adjuvat
1656 2032 1967 2111 injuriam?
2040 2034 2192 2094 Mihi
2221 2041 2257 2096 8

243 2121 484 2200 quidem
530 2121 703 2180 etiam
748 2139 902 2188 verse
945 2119 1294 2194 hereditates
1339 2141 1455 2181 non
1504 2122 1763 2183 honestae
1811 2124 2094 2194 videntur,
2137 2124 2188 2184 si

244 2218 387 2270 sunt
426 2200 718 2270 malitiosis
753 2210 1056 2280 blanditiis,
1087 2212 1399 2272 officiorum
1437 2231 1552 2272 non
1590 2213 1829 2273 veritate
1869 2216 1973 2274 sed
2013 2215 2189 2276 simn-

243 2300 477 2369 latione‚
511 2301 789 2379 quaesitee.
871 2301 1055 2379 Atqui
1091 2301 1150 2362 in
1175 2302 1387 2361 talibus
1426 2302 1599 2362 rebus
1638 2303 1795 2363 aliud
1836 2305 1991 2364 utile*
2015 2305 2187 2364 inter-
2218 2310 2255 2365 9

245 2390 411 2460 dum,
439 2389 594 2449 aliud
620 2391 927 2450 honestum
955 2390 1134 2450 videri
1161 2392 1324 2452 solet.
1406 2392 1595 2452 Falso.
1678 2392 1832 2453 Nam
1854 2394 2058 2454 eadem
2078 2395 2190 2454 uti-

243 2480 443 2549 litatis,
475 2499 609 2558 quae
637 2480 968 2549 honestatis,
997 2487 1088 2538 est
1112 2482 1330 2560 regula.
1413 2481 1526 2552 Qui
1558 2482 1671 2541 hoc
1709 2501 1825 2541 non
1864 2483 2188 2561 perviderit,
2221 2489 2297 2543 10

244 2571 326 2629 ab
352 2570 466 2629 hoc
484 2570 641 2628 nulla
666 2570 824 2629 fraus
844 2570 1042 2639 aberit,
1060 2571 1285 2630 nullum
1303 2570 1536 2629 facinus.
1607 2571 1702 2629 Sic
1723 2572 1874 2630 enim
1896 2559 2186 2651 cogitans:
2220 2578 2292 2633 11

248 2659 369 2719 Est
406 2662 549 2719 istuc
574 2660 798 2736 quidem
836 2661 1139 2730 honestum,
1167 2678 1362 2718 verum
1386 2661 1485 2721 hoc
1508 2661 1722 2735 effodit
1735 2679 1764 2733 ,·
1806 2680 1899 2720 res
1925 2677 1961 2719 a
1985 2668 2192 2721 natura

248 2750 551 2829 copulatas
590 2749 827 2810 audebit
873 2769 1063 2810 errore
1085 2750 1411 2820 ‚divellere5
1470 2750 1569 2829 qui
1611 2751 1740 2811 fons
1779 2758 1869 2812 est
1882 2751 2190 2823 fraudium,

245 2839 676 2908 maleficiorum,
703 2840 983 2900 scelerum
1009 2840 1277 2900 omnium.
1680 2875 1685 2882 -

329 3019 493 3077 XIX.
535 3019 740 3098 Itaque
774 3020 824 3079 si
861 3020 950 3079 vir
982 3020 1168 3082 bonus
1205 3021 1420 3083 habeat
1456 3023 1606 3106 hanc
1632 3023 1769 3093 vim,
1796 3031 1883 3093 ut,
1921 3023 1970 3082 si
1997 3022 2190 3104 digitis

248 3109 664 3188 concrepuerit,
706 3109 889 3188 possit
926 3110 987 3169 in
1024 3109 1396 3189 locupletium
1436 3119 1779 3172 testamenta
1818 3131 2027 3171 nomen
2064 3113 2192 3191 ejus

247 3197 520 3276 irrepere,
549 3198 658 3258 hac
685 3199 743 3258 vi
768 3219 882 3274 non
907 3206 1120 3270 utatur,
1141 3220 1215 3259 ne
1240 3201 1288 3260 si
1315 3201 1677 3279 exploratum
1702 3201 1935 3278 quidem
1960 3200 2191 3272 habeat,

248 3287 313 3347 id
354 3288 582 3347 omnino
615 3289 898 3349 neminem
933 3308 1190 3368 unquam
1215 3290 1653 3368 suspicaturum.
1735 3289 1824 3348 At
1850 3290 2016 3347 dares
2041 3289 2191 3350 hanc
2220 3298 2256 3352 2

248 3367 370 3437 vim
411 3376 492 3436 Μ.
523 3377 846 3450 Crass0‚„ut
872 3378 1180 3459 digitorum
1222 3377 1584 3457 percussione
1624 3377 1790 3436 heres
1825 3385 2023 3456 posset
2058 3375 2219 3440 scri-‘

250 3474 393 3546 ptus
432 3485 576 3535 esse,
605 3467 704 3547 qui
742 3487 805 3528 re
830 3485 967 3527 vera
991 3486 1104 3527 non
1121 3520 1123 3523 ,
1140 3475 1293 3527 esset
1331 3468 1499 3527 heres
1521 3486 1549 3538 ς
1578 3468 1637 3527 in
1662 3468 1804 3538 foro,
1834 3468 2003 3527 crede
2031 3465 2189 3540 mihi,

250 3557 508 3618 saltaret.
588 3557 783 3616 Homo
822 3564 1016 3627 autem
1050 3558 1260 3637 justus,
1281 3558 1454 3636 isque
1494 3576 1666 3636 quem
1706 3557 1980 3617 sentimus
2005 3558 2191 3620 virum
2218 3566 2255 3621 3

250 3645 492 3717 bonum,
513 3645 653 3708 nihil
680 3646 963 3726 cuiquam,
990 3647 1147 3727 quod
1172 3648 1231 3709 in
1256 3667 1321 3708 se
1346 3648 1670 3719 transferat,
1696 3646 1978 3710 detrahet.
2060 3648 2192 3720 Hoc
