2592 4142
165 325 170 330 ,
278 275 356 329 88
1089 283 1182 330 ,υιι
1212 282 1470 324 enricus
1543 291 1555 300 ·

383 415 445 474 in
470 414 678 492 quibus
715 411 1027 472 deliberare
1068 410 1343 470 homines‘
1367 417 1443 469 et,
1464 408 1794 469 ¹consultare
1834 407 1911 470 de
1951 407 2151 492 officio
2177 410 2327 469 sole·

331 507 348 516 “
382 510 543 573 rent;
582 523 715 570 une,
736 507 872 560 'cum
896 501 1239 568 dubitarent,
1262 501 1640 576 honestumne
1665 498 1725 556 id
1756 505 1927 566 esset,
1944 498 2021 556 de
2039 517 2159 576 quo
2174 518 2324 577 -age-

381 601 555 663 retur,
576 612 651 650 an
675 581 877 669 turpe:
921 590 1114 657 altero,
1145 591 1357 649 utilene
1384 596 1553 657 esset,
1574 608 1651 646 an
1674 588 1905 646 inutile:
1947 588 2134 655 tertio,
2164 589 2217 646 si
2242 588 2322 656 id,

384 682 542 762 quod
569 682 834 761 speciem
859 681 1097 738 haberet
1134 679 1375 746 honesti,
1407 685 1691 756 pugnaret
1718 696 1851 736 cum
1878 696 1965 745 eo,
1995 677 2152 755 quod
2181 678 2324 735 utile

384 767 689 839 videretur,
719 789 836 848 quo
860 770 1035 829 modo
1060 788 1130 827 ea
1154 768 1406 826 discerni·
1422 773 1746 846 oporteret:
1789 767 1864 824 de
1895 767 2122 825 duobus
2147 785 2322 844 gene-

381 862 539 920 ribus
567 860 763 939 primis
790 860 974 918 tribus
1016 858 1171 917 libris
1191 857 1545 935 ,explicavitt
1589 857 1663 915 de
1690 856 1860 915 tertio
1880 859 2083 914 'autem
2109 874 2323 934 genere

384 947 654 1028 deinceps
682 968 743 1008 se
770 949 997 1027 scripsit
1023 941 1327 1016 dicturum,
1357 966 1462 1027 nec
1491 947 1747 1014 exsolvit,
1776 946 1935 1024 quod
1960 946 2317 1023 promiserat.

320 1047 355 1101 9
386 1040 556 1111 Quod
576 1059 652 1099 eo
664 1040 849 1118 magis
864 1038 1054 1107 miror,
1070 1038 1202 1116 quia
1217 1036 1497 1115 scriptum
1512 1056 1548 1094 a
1570 1036 1849 1114 discipulo
1865 1036 1992 1113 ejus
2006 1036 2318 1098 Posidonio

384 1137 491 1198 est,
519 1129 754 1207 triginta
789 1128 953 1186 annis
978 1127 1184 1196 vixisse
1211 1126 1546 1194 Panaetium,
1562 1134 1950 1204 posteaquam
1988 1125 2116 1184 illos
2143 1124 2322 1183 libros
2428 1135 2441 1140 ”

283 1224 358 1277 10
385 1217 672 1278 edidisset.
756 1219 940 1286 Quem
979 1217 1169 1275 locum
1208 1216 1396 1278 mirera
1409 1235 1455 1273 a=
1470 1215 1774 1273 Posidonio
1806 1215 2206 1273 breviteresse
2232 1222 2322 1271 ta-

383 1315 542 1368 ctum
566 1308 623 1366 in
642 1307 984 1384 quibusdam
1007 1306 1438 1373 commentarii&
1462 1305 1775 1382 praesertim
1794 1324 1927 1363 cum
1947 1305 2173 1372 scribat,
2192 1305 2323 1362 ‘'nul-

285 1402 357 1456 11
389 1398 511 1456 lum
539 1415 663 1455 esse
685 1397 874 1468 locum
892 1396 950 1452 in
970 1400 1093 1452 tota
1108 1395 1472 1476 philosophia
1492 1403 1611 1453 tam
1631 1393 2047 1468 necessarium..
2090 1394 2324 1457 Minime
2342 1438 2351 1444 .

383 1504 521 1552 vero
548 1484 823 1542 assentior
847 1484 932 1552 iis,
960 1483 1058 1561 qui
1083 1492 1314 1560 negant,
1345 1503 1479 1542 eum
1520 1485 1712 1544 locum
1737 1501 1774 1540 a
1799 1483 2057 1544 Panaetio
2085 1481 2321 1561 prae'ter-

382 1575 636 1642 missum,
656 1574 757 1631 sed
780 1574 1038 1631 consulto
1054 1573 1330 1641 relictum,
1354 1593 1458 1632 nec
1474 1573 1706 1632 omnino
1725 1563 2088 1634 scribendum
2107 1572 2285 1630 fuisse
2305 1590 2321 1630 :

282 1671 356 1723 12
386 1665 517 1742 quia
555 1681 866 1740 nunquam
883 1670 1080 1741 posset
1117 1662 1331 1726 utilitas
1360 1682 1493 1722 cum
1533 1663 1832 1732 honestate
1871 1680 2144 1739 pugnare.
2226 1662 2324 1719 De

384 1772 501 1830 quo
526 1753 771 1811 alterum
800 1759 993 1846 potest
1017 1752 1231 1810 habere
1259 1753 1688 1820 dubitationem,
1711 1751 2170 1810 adhibendumne
2195 1751 2324 1809 fue-

383 1843 459 1901 rit
504 1843 614 1901 hoc
659 1861 858 1921 genus,
910 1827 1065 1920 quod
1109 1842 1172 1899 in
1219 1842 1489 1900 divisione
1534 1842 1773 1899 Panaetii
1817 1840 2048 1899 tertium
2094 1848 2199 1908 est,
2244 1859 2327 1899 an

389 1932 558 2010 plane
586 1932 998 1994 omittendum.
1042 1933 1286 1994 alterum
1313 1932 1561 1990 dubitari
1586 1950 1701 1989 non
1741 1937 1954 2009 potest,
1983 1928 2120 2008 quin
2144 1945 2181 1987 a
2206 1930 2324 1988 Pa-

284 2026 357 2081 13
385 2023 558 2080 naetio
586 2029 919 2100 susceptum
946 2022 1036 2090 sit,
1067 2021 1170 2079 sed
1196 2021 1473 2080 relictum.
1556 2021 1616 2079 N
1617 2040 1709 2078 am
1738 2021 1838 2098 qui
1862 2039 1899 2078 e
1922 2020 2195 2084 diviSione
2220 2021 2324 2079 tri-

389 2112 600 2189 pertita
626 2111 774 2168 duas
800 2117 994 2192 partes
1021 2109 1342 2178 absolverit,
1371 2110 1503 2168 huic
1546 2129 1778 2172 necesse
1822 2116 1911 2168 est
1951 2116 2169 2168 restare
2207 2116 2324 2170 ter-

387 2200 541 2257 tiam.
583 2200 873 2257 Praeterea
892 2199 951 2257 in
971 2206 1225 2257 extremo
1251 2199 1396 2258 libro
1410 2200 1580 2258 tertio
1600 2200 1673 2257 de
1700 2200 1809 2258 hac
1830 2206 1992 2277 parte
2021 2200 2327 2277 pollicetur

284 2292 364 2347 14·
388 2295 466 2345 se‘
487 2285 755 2365 deinceps
798 2306 932 2345 esse,
950 2288 1255 2347 dicturum.
1326 2289 1579 2347 Accedit.
1601 2289 1804 2348 eodem
1845 2289 2005 2347 testis
2039 2289 2321 2367 locupleS,

383 2377 739 2444 Posidonius,
759 2377 867 2454 ,qui
893 2377 1066 2435 etiam
1094 2367 1289 2435 scribit
1314 2378 1373 2435 in
1399 2378 1647 2455 quadam
1675 2379 1931 2457 epistola,
1948 2379 2016 2436 P.
2040 2379 2326 2437 Rutilium

387 2466 606 2536 Rufum
634 2465 821 2532 dicere
849 2466 1048 2534 solere,
1078 2467 1176 2543 qui
1201 2467 1521 2525 Panaetium
1548 2461 1820 2536 audierat,
1848 2474 1917 2525 ut
1941 2473 2123 2526 nemo*
2136 2469 2326 2546 pictor

386 2563 539 2615 esset
565 2555 845 2626 inventus,
873 2557 972 2633 qui
999 2557 1138 2614 Ooae
1166 2557 1406 2615 Veneris
1445 2575 1573 2614 eam
1612 2564 1851 2635 partem,
1881 2576 2050 2635 quam
2077 2558 2324 2635 Apelles

384 2645 705 2706 inchoatam
745 2646 1077 2723 reliquisset,
1108 2646 1429 2707 absolveret
1458 2644 1595 2725 (oris
1622 2647 1769 2705 enim
1798 2646 2165 2724 pulchritudo
2192 2647 2322 2705 reli-

385 2735 483 2811 qui
511 2734 763 2811 corporis
806 2735 1066 2793 imitandi
1092 2755 1256 2813 spem
1281 2734 1604 2814 auferebat)
1630 2736 1715 2800 sic
1742 2755 1827 2804 ea,
1857 2754 1984 2812 quae
2028 2736 2322 2795 Panaetius

383 2822 834 2900 praetermisisset
859 2830 920 2880 et
945 2843 1058 2881 non
1086 2825 1437 2901 perfecisset,
1462 2832 1701 2903 propter
1726 2844 1941 2895 eorum,
1971 2843 2102 2903 quae
2130 2826 2319 2904 perfe-

390 2912 586 2980 cisset,
608 2912 995 2990 praestantiam
1023 2914 1305 2972 neminem
1333 2933 1471 2972 esse
1485 2922 1865 3040 persecutum.

465 3071 583 3155 ῙῙΙ.ι
624 3035 811 3159 Quam
833 3090 909 3149 ob
936 3109 1058 3148 rem
1086 3089 1161 3148 de
1183 3048 1399 3169 judicio
1417 3088 1658 3152 Panaetii
1676 3092 1925 3158 dubitari
1949 3111 2064 3154 non
2090 3100 2318 3172 potest:

331 3217 338 3220 -
383 3186 608 3238 rectene
635 3186 829 3239 autem
853 3180 1003 3238 hanc
1030 3180 1255 3239 tertiam
1283 3188 1507 3260 partem
1533 3182 1610 3240 ad
1631 3182 2042 3260 exquirendum
2071 3183 2324 3243 officium

322 3275 358 3327 2
389 3260 731 3348 adjunxerit,
759 3288 832 3327 an
859 3288 1042 3338 secus,
1073 3270 1147 3328 de
1187 3289 1256 3328 eo
1295 3271 1539 3329 fortasse
1566 3272 1847 3350 disputari
1872 3278 2079 3349 potest.
2163 3273 2323 3334 Nam

384 3359 502 3417 sive
529 3339 834 3418 honestum
861 3360 1049 3418 solum
1077 3360 1291 3434 bonum
1321 3367 1428 3429 est,
1448 3368 1517 3419 ut
1537 3361 1745 3420 Stoicis
1770 3361 1993 3440 placet;
2022 3362 2143 3420 sive
2161 3363 2322 3440 quod
2344 3429 2367 3444 K

383 3447 687 3520 honestum
725 3454 831 3515 est,
861 3447 921 3505 id
964 3448 1046 3506 ita
1089 3465 1399 3530 summum
1423 3451 1638 3508 bonum
1683 3457 1795 3518 est,
1832 3450 2323 3527 quemadmodum

384 3535 777 3612 Peripateticis
796 3537 1000 3594 vestris
1016 3536 1259 3605 videtur,
1278 3545 1348 3596 ut
1362 3533 1550 3597 omnia
1570 3557 1642 3597 ex
1659 3511 1839 3598 altera
1854 3546 2018 3618 parte
2039 3540 2327 3599 collocata

382 3623 479 3683 vix
515 3620 727 3716 minimi
767 3625 1039 3684 momenti
1080 3625 1260 3686 instar
1301 3627 1587 3687 habeant.
1612 3613 2012 3690 dubitandum
2049 3648 2170 3688 non
2208 3636 2321 3700 est,

1306 3921 1335 3931 ν
