<?xml version="1.0" encoding="UTF-8"?>
<!DOCTYPE html PUBLIC "-//W3C//DTD XHTML 1.0 Transitional//EN"
    "http://www.w3.org/TR/xhtml1/DTD/xhtml1-transitional.dtd">
<html xmlns="http://www.w3.org/1999/xhtml" xml:lang="en" lang="en">
 <head>
  <title>
</title>
<meta http-equiv="Content-Type" content="text/html;charset=utf-8" />
  <meta name='ocr-system' content='tesseract 3.04.00' />
  <meta name='ocr-capabilities' content='ocr_page ocr_carea ocr_par ocr_line ocrx_word'/>
</head>
<body>
  <div class='ocr_page' id='page_1' title='image "./deofficiislibri05cicegoog_0093.png"; bbox 0 0 2592 4142; ppageno 0'>
   <div class='ocr_carea' id='block_1_1' title="bbox 891 265 2270 329">
    <p class='ocr_par' dir='ltr' id='par_1_1' title="bbox 891 265 2270 329">
     <span class='ocr_line' id='line_1_1' title="bbox 891 265 2270 329; baseline 0.002 -4"><span class='ocrx_word' id='word_1_1' title='bbox 891 281 1174 328; x_wconf 65' lang='lat' dir='ltr'>&#39;2113an</span> <span class='ocrx_word' id='word_1_2' title='bbox 1256 284 1392 329; x_wconf 61' lang='lat' dir='ltr'>oar».</span> <span class='ocrx_word' id='word_1_3' title='bbox 1419 283 1587 329; x_wconf 81' lang='lat' dir='ltr'>xv111</span> <span class='ocrx_word' id='word_1_4' title='bbox 2195 265 2270 328; x_wconf 79' lang='lat'>&#39;1‘1</span> 
     </span>
    </p>
   </div>
   <div class='ocr_carea' id='block_1_2' title="bbox 229 363 2294 3782">
    <p class='ocr_par' dir='ltr' id='par_1_2' title="bbox 485 363 1924 508">
     <span class='ocr_line' id='line_1_2' title="bbox 485 363 1924 508; baseline -0.001 -35"><span class='ocrx_word' id='word_1_5' title='bbox 485 451 492 454; x_wconf 24' lang='grc' dir='ltr'><strong><em>Δ</em></strong></span> <span class='ocrx_word' id='word_1_6' title='bbox 600 413 898 490; x_wconf 75' lang='lat' dir='ltr'>Benefacta</span> <span class='ocrx_word' id='word_1_7' title='bbox 923 416 1069 476; x_wconf 79' lang='lat' dir='ltr'>male</span> <span class='ocrx_word' id='word_1_8' title='bbox 1088 363 1286 484; x_wconf 58' lang='lat' dir='ltr'>locata,</span> <span class='ocrx_word' id='word_1_9' title='bbox 1316 417 1608 508; x_wconf 66' lang='lat' dir='ltr'>maleficta</span> <span class='ocrx_word' id='word_1_10' title='bbox 1633 416 1924 475; x_wconf 76' lang='lat' dir='ltr'><strong><em>arbitror..</em></strong></span> 
     </span>
    </p>

    <p class='ocr_par' dir='ltr' id='par_1_3' title="bbox 229 489 2284 2186">
     <span class='ocr_line' id='line_1_3' title="bbox 233 489 2234 592; baseline 0 -30"><span class='ocrx_word' id='word_1_11' title='bbox 233 503 414 574; x_wconf 80' lang='lat' dir='ltr'>Quod</span> <span class='ocrx_word' id='word_1_12' title='bbox 439 511 634 563; x_wconf 89' lang='lat' dir='ltr'>autem</span> <span class='ocrx_word' id='word_1_13' title='bbox 662 506 956 570; x_wconf 85' lang='lat' dir='ltr'>tributum</span> <span class='ocrx_word' id='word_1_14' title='bbox 968 511 1058 563; x_wconf 88' lang='lat' dir='ltr'>est</span> <span class='ocrx_word' id='word_1_15' title='bbox 1101 489 1251 563; x_wconf 84' lang='lat' dir='ltr'>bono</span> <span class='ocrx_word' id='word_1_16' title='bbox 1275 506 1398 563; x_wconf 81' lang='lat' dir='ltr'>vim</span> <span class='ocrx_word' id='word_1_17' title='bbox 1442 512 1502 564; x_wconf 88' lang='lat' dir='ltr'>et</span> <span class='ocrx_word' id='word_1_18' title='bbox 1512 512 1728 592; x_wconf 81' lang='lat' dir='ltr'>gratO,</span> <span class='ocrx_word' id='word_1_19' title='bbox 1755 506 1814 563; x_wconf 92' lang='lat' dir='ltr'>in</span> <span class='ocrx_word' id='word_1_20' title='bbox 1839 524 1908 563; x_wconf 91' lang='lat' dir='ltr'>eo</span> <span class='ocrx_word' id='word_1_21' title='bbox 1935 524 2070 565; x_wconf 85' lang='lat' dir='ltr'>cum</span> <span class='ocrx_word' id='word_1_22' title='bbox 2097 523 2169 563; x_wconf 83' lang='lat' dir='ltr'>ex</span> <span class='ocrx_word' id='word_1_23' title='bbox 2194 508 2234 563; x_wconf 85' lang='lat'>4</span> 
     </span>
     <span class='ocr_line' id='line_1_4' title="bbox 230 593 2230 672; baseline 0.002 -20"><span class='ocrx_word' id='word_1_24' title='bbox 230 593 366 672; x_wconf 92' lang='lat' dir='ltr'>ipso</span> <span class='ocrx_word' id='word_1_25' title='bbox 393 595 615 652; x_wconf 85' lang='lat' dir='ltr'>fructus</span> <span class='ocrx_word' id='word_1_26' title='bbox 631 601 750 663; x_wconf 87' lang='lat' dir='ltr'>est,</span> <span class='ocrx_word' id='word_1_27' title='bbox 778 601 905 652; x_wconf 91' lang='lat' dir='ltr'>tum</span> <span class='ocrx_word' id='word_1_28' title='bbox 921 594 1123 652; x_wconf 87' lang='lat' dir='ltr'>etiam·</span> <span class='ocrx_word' id='word_1_29' title='bbox 1131 614 1202 652; x_wconf 83' lang='lat' dir='ltr'>ex</span> <span class='ocrx_word' id='word_1_30' title='bbox 1229 596 1445 654; x_wconf 86' lang='lat' dir='ltr'>ceteris.</span> <span class='ocrx_word' id='word_1_31' title='bbox 1527 594 1865 653; x_wconf 74' lang='lat' dir='ltr'>Temeritate</span> <span class='ocrx_word' id='word_1_32' title='bbox 1906 596 2054 653; x_wconf 88' lang='lat' dir='ltr'>enim</span> <span class='ocrx_word' id='word_1_33' title='bbox 2080 614 2165 668; x_wconf 85' lang='lat' dir='ltr'>re·</span> <span class='ocrx_word' id='word_1_34' title='bbox 2195 601 2230 655; x_wconf 84' lang='lat'><strong>5</strong></span> 
     </span>
     <span class='ocr_line' id='line_1_5' title="bbox 230 683 2166 784; baseline 0.002 -43"><span class='ocrx_word' id='word_1_35' title='bbox 230 692 415 752; x_wconf 89' lang='lat' dir='ltr'>mota,</span> <span class='ocrx_word' id='word_1_36' title='bbox 445 684 769 761; x_wconf 85' lang='lat' dir='ltr'>gratissima</span> <span class='ocrx_word' id='word_1_37' title='bbox 796 690 911 784; x_wconf 43' lang='lat' dir='ltr'>est!</span> <span class='ocrx_word' id='word_1_38' title='bbox 925 683 1259 741; x_wconf 88' lang='lat' dir='ltr'>liberalitas·</span> <span class='ocrx_word' id='word_1_39' title='bbox 1245 728 1278 752; x_wconf 93' lang='lat'>,.</span> <span class='ocrx_word' id='word_1_40' title='bbox 1307 703 1486 761; x_wconf 89' lang='lat' dir='ltr'>eoque</span> <span class='ocrx_word' id='word_1_41' title='bbox 1514 704 1641 743; x_wconf 90' lang='lat' dir='ltr'>eam</span> <span class='ocrx_word' id='word_1_42' title='bbox 1666 684 1972 743; x_wconf 78' lang='lat' dir='ltr'>studiosius</span> <span class='ocrx_word' id='word_1_43' title='bbox 2000 684 2166 763; x_wconf 68' lang='lat' dir='ltr'>pleri-</span> 
     </span>
     <span class='ocr_line' id='line_1_6' title="bbox 232 767 2167 854; baseline 0.001 -24"><span class='ocrx_word' id='word_1_44' title='bbox 232 787 355 850; x_wconf 88' lang='lat' dir='ltr'>que</span> <span class='ocrx_word' id='word_1_45' title='bbox 383 773 639 840; x_wconf 88' lang='lat' dir='ltr'>laudant,</span> <span class='ocrx_word' id='word_1_46' title='bbox 669 772 823 849; x_wconf 90' lang='lat' dir='ltr'>quod</span> <span class='ocrx_word' id='word_1_47' title='bbox 851 773 1059 830; x_wconf 88' lang='lat' dir='ltr'>summi</span> <span class='ocrx_word' id='word_1_48' title='bbox 1086 767 1365 854; x_wconf 79' lang='lat' dir='ltr'>cujusque</span> <span class='ocrx_word' id='word_1_49' title='bbox 1401 774 1623 832; x_wconf 75' lang='lat' dir='ltr'>bonitas</span> <span class='ocrx_word' id='word_1_50' title='bbox 1651 793 1949 852; x_wconf 87' lang='lat' dir='ltr'>commune</span> <span class='ocrx_word' id='word_1_51' title='bbox 1976 775 2167 852; x_wconf 88' lang='lat' dir='ltr'>perfu-</span> 
     </span>
     <span class='ocr_line' id='line_1_7' title="bbox 231 861 2243 942; baseline 0 -22"><span class='ocrx_word' id='word_1_52' title='bbox 231 863 404 941; x_wconf 85' lang='lat' dir='ltr'>gium</span> <span class='ocrx_word' id='word_1_53' title='bbox 432 868 522 919; x_wconf 91' lang='lat' dir='ltr'>est</span> <span class='ocrx_word' id='word_1_54' title='bbox 549 861 813 919; x_wconf 91' lang='lat' dir='ltr'>omnium.</span> <span class='ocrx_word' id='word_1_55' title='bbox 893 861 1103 919; x_wconf 88' lang='lat' dir='ltr'>Danda</span> <span class='ocrx_word' id='word_1_56' title='bbox 1140 861 1318 939; x_wconf 88' lang='lat' dir='ltr'>igitur</span> <span class='ocrx_word' id='word_1_57' title='bbox 1356 880 1532 940; x_wconf 85' lang='lat' dir='ltr'>opera</span> <span class='ocrx_word' id='word_1_58' title='bbox 1558 865 1689 931; x_wconf 47' lang='lat' dir='ltr'>est,</span> <span class='ocrx_word' id='word_1_59' title='bbox 1702 869 1770 921; x_wconf 87' lang='lat' dir='ltr'>ut</span> <span class='ocrx_word' id='word_1_60' title='bbox 1793 864 1861 922; x_wconf 91' lang='lat' dir='ltr'>iis</span> <span class='ocrx_word' id='word_1_61' title='bbox 1886 863 2168 923; x_wconf 89' lang='lat' dir='ltr'>beneficiis</span> <span class='ocrx_word' id='word_1_62' title='bbox 2197 868 2243 942; x_wconf 51' lang='grc' dir='ltr'>6ς</span> 
     </span>
     <span class='ocr_line' id='line_1_8' title="bbox 232 949 2167 1031; baseline 0.002 -23"><span class='ocrx_word' id='word_1_63' title='bbox 232 969 418 1029; x_wconf 79' lang='lat' dir='ltr'>quam</span> <span class='ocrx_word' id='word_1_64' title='bbox 458 950 737 1028; x_wconf 90' lang='lat' dir='ltr'>plurimos</span> <span class='ocrx_word' id='word_1_65' title='bbox 762 949 1087 1018; x_wconf 83' lang='lat' dir='ltr'>afficiamus,</span> <span class='ocrx_word' id='word_1_66' title='bbox 1117 969 1364 1027; x_wconf 87' lang='lat' dir='ltr'>quorum</span> <span class='ocrx_word' id='word_1_67' title='bbox 1389 952 1664 1009; x_wconf 84' lang='lat' dir='ltr'>memoria</span> <span class='ocrx_word' id='word_1_68' title='bbox 1687 952 1879 1011; x_wconf 89' lang='lat' dir='ltr'>liberis</span> <span class='ocrx_word' id='word_1_69' title='bbox 1901 953 2167 1031; x_wconf 88' lang='lat' dir='ltr'>posteris-</span> 
     </span>
     <span class='ocr_line' id='line_1_9' title="bbox 238 1039 2232 1118; baseline 0.002 -21"><span class='ocrx_word' id='word_1_70' title='bbox 238 1059 358 1118; x_wconf 88' lang='lat' dir='ltr'>que</span> <span class='ocrx_word' id='word_1_71' title='bbox 400 1039 695 1118; x_wconf 88' lang='lat' dir='ltr'>prodatur,</span> <span class='ocrx_word' id='word_1_72' title='bbox 724 1045 791 1096; x_wconf 91' lang='lat' dir='ltr'>ut</span> <span class='ocrx_word' id='word_1_73' title='bbox 817 1039 884 1097; x_wconf 87' lang='lat' dir='ltr'>iis</span> <span class='ocrx_word' id='word_1_74' title='bbox 908 1039 1145 1117; x_wconf 86' lang='lat' dir='ltr'>ingratis</span> <span class='ocrx_word' id='word_1_75' title='bbox 1189 1058 1317 1112; x_wconf 86' lang='lat' dir='ltr'>esse</span> <span class='ocrx_word' id='word_1_76' title='bbox 1357 1059 1473 1102; x_wconf 86' lang='grc'>11011</span> <span class='ocrx_word' id='word_1_77' title='bbox 1511 1040 1692 1100; x_wconf 83' lang='lat' dir='ltr'>liceat.</span> <span class='ocrx_word' id='word_1_78' title='bbox 1774 1041 1984 1100; x_wconf 87' lang='lat' dir='ltr'>Omnes</span> <span class='ocrx_word' id='word_1_79' title='bbox 2021 1040 2172 1100; x_wconf 83' lang='lat' dir='ltr'>enim</span> <span class='ocrx_word' id='word_1_80' title='bbox 2198 1041 2232 1101; x_wconf 79' lang='lat'><em>7</em></span> 
     </span>
     <span class='ocr_line' id='line_1_10' title="bbox 234 1121 2173 1206; baseline 0 -19"><span class='ocrx_word' id='word_1_81' title='bbox 234 1123 633 1188; x_wconf 74' lang='lat' dir='ltr'><strong>immemorem</strong></span> <span class='ocrx_word' id='word_1_82' title='bbox 659 1127 912 1198; x_wconf 88' lang='lat' dir='ltr'>beneficii</span> <span class='ocrx_word' id='word_1_83' title='bbox 930 1121 1190 1196; x_wconf 83' lang='lat' dir='ltr'>oderunt,</span> <span class='ocrx_word' id='word_1_84' title='bbox 1208 1146 1448 1206; x_wconf 84' lang='lat' dir='ltr'>eamque</span> <span class='ocrx_word' id='word_1_85' title='bbox 1475 1129 1737 1206; x_wconf 86' lang='lat' dir='ltr'>injuriam</span> <span class='ocrx_word' id='word_1_86' title='bbox 1756 1130 1815 1187; x_wconf 90' lang='lat' dir='ltr'>in</span> <span class='ocrx_word' id='word_1_87' title='bbox 1835 1130 2173 1188; x_wconf 88' lang='lat' dir='ltr'>deterrenda</span> 
     </span>
     <span class='ocr_line' id='line_1_11' title="bbox 229 1217 2172 1302; baseline 0 -25"><span class='ocrx_word' id='word_1_88' title='bbox 229 1218 585 1291; x_wconf 74' lang='lat' dir='ltr'>liberalitate</span> <span class='ocrx_word' id='word_1_89' title='bbox 632 1217 739 1302; x_wconf 73' lang='lat' dir='ltr'>sibi</span> <span class='ocrx_word' id='word_1_90' title='bbox 784 1218 955 1291; x_wconf 78' lang='lat' dir='ltr'>etiam</span> <span class='ocrx_word' id='word_1_91' title='bbox 997 1218 1134 1287; x_wconf 90' lang='lat' dir='ltr'>fieri,</span> <span class='ocrx_word' id='word_1_92' title='bbox 1164 1237 1427 1296; x_wconf 88' lang='lat' dir='ltr'>eumque,</span> <span class='ocrx_word' id='word_1_93' title='bbox 1455 1219 1553 1295; x_wconf 88' lang='lat' dir='ltr'>qui</span> <span class='ocrx_word' id='word_1_94' title='bbox 1594 1220 1782 1287; x_wconf 89' lang='lat' dir='ltr'>faciat,</span> <span class='ocrx_word' id='word_1_95' title='bbox 1813 1238 2172 1278; x_wconf 89' lang='lat' dir='ltr'>communem</span> 
     </span>
     <span class='ocr_line' id='line_1_12' title="bbox 239 1307 2237 1388; baseline 0.001 -22"><span class='ocrx_word' id='word_1_96' title='bbox 239 1309 475 1366; x_wconf 88' lang='lat' dir='ltr'>hostem</span> <span class='ocrx_word' id='word_1_97' title='bbox 502 1307 823 1365; x_wconf 90' lang='lat' dir='ltr'>tenuiorum</span> <span class='ocrx_word' id='word_1_98' title='bbox 863 1313 1086 1385; x_wconf 88' lang='lat' dir='ltr'>putant.</span> <span class='ocrx_word' id='word_1_99' title='bbox 1166 1308 1366 1385; x_wconf 88' lang='lat' dir='ltr'>Atque</span> <span class='ocrx_word' id='word_1_100' title='bbox 1393 1309 1524 1368; x_wconf 83' lang='lat' dir='ltr'>haec</span> <span class='ocrx_word' id='word_1_101' title='bbox 1550 1310 2066 1388; x_wconf 76' lang='lat' dir='ltr'>benignitasetiam</span> <span class='ocrx_word' id='word_1_102' title='bbox 2092 1308 2174 1367; x_wconf 85' lang='lat' dir='ltr'>rei</span> <span class='ocrx_word' id='word_1_103' title='bbox 2200 1314 2237 1368; x_wconf 86' lang='grc'>8</span> 
     </span>
     <span class='ocr_line' id='line_1_13' title="bbox 240 1396 2171 1478; baseline 0.001 -24"><span class='ocrx_word' id='word_1_104' title='bbox 240 1397 497 1477; x_wconf 77' lang='lat' dir='ltr'>publicae</span> <span class='ocrx_word' id='word_1_105' title='bbox 527 1404 617 1454; x_wconf 91' lang='lat' dir='ltr'>est</span> <span class='ocrx_word' id='word_1_106' title='bbox 642 1396 811 1463; x_wconf 78' lang='lat' dir='ltr'>utilis,</span> <span class='ocrx_word' id='word_1_107' title='bbox 841 1397 1050 1456; x_wconf 80' lang='lat' dir='ltr'>redimi</span> <span class='ocrx_word' id='word_1_108' title='bbox 1081 1416 1115 1454; x_wconf 91' lang='lat' dir='ltr'>e</span> <span class='ocrx_word' id='word_1_109' title='bbox 1157 1397 1427 1456; x_wconf 86' lang='lat' dir='ltr'>servitute</span> <span class='ocrx_word' id='word_1_110' title='bbox 1472 1407 1689 1477; x_wconf 53' lang='lat' dir='ltr'>captos</span> <span class='ocrx_word' id='word_1_111' title='bbox 1718 1399 2050 1478; x_wconf 86' lang='lat' dir='ltr'>locupletari</span> <span class='ocrx_word' id='word_1_112' title='bbox 2088 1404 2171 1456; x_wconf 92' lang='lat' dir='ltr'>te-</span> 
     </span>
     <span class='ocr_line' id='line_1_14' title="bbox 239 1484 2231 1566; baseline 0.001 -21"><span class='ocrx_word' id='word_1_113' title='bbox 239 1486 507 1546; x_wconf 88' lang='lat' dir='ltr'>nuiores:</span> <span class='ocrx_word' id='word_1_114' title='bbox 551 1484 705 1564; x_wconf 83' lang='lat' dir='ltr'>quod</span> <span class='ocrx_word' id='word_1_115' title='bbox 733 1486 965 1563; x_wconf 90' lang='lat' dir='ltr'>quidem</span> <span class='ocrx_word' id='word_1_116' title='bbox 993 1487 1166 1566; x_wconf 87' lang='lat' dir='ltr'>vulgo</span> <span class='ocrx_word' id='word_1_117' title='bbox 1209 1488 1443 1546; x_wconf 83' lang='lat' dir='ltr'>solitum</span> <span class='ocrx_word' id='word_1_118' title='bbox 1490 1489 1611 1547; x_wconf 89' lang='lat' dir='ltr'>fieri</span> <span class='ocrx_word' id='word_1_119' title='bbox 1636 1490 1710 1548; x_wconf 91' lang='lat' dir='ltr'>ab</span> <span class='ocrx_word' id='word_1_120' title='bbox 1737 1489 1933 1548; x_wconf 81' lang='lat' dir='ltr'>ordine</span> <span class='ocrx_word' id='word_1_121' title='bbox 1959 1496 2172 1557; x_wconf 87' lang='lat' dir='ltr'>nostro,</span> <span class='ocrx_word' id='word_1_122' title='bbox 2222 1506 2231 1512; x_wconf 87' lang='lat'><strong>·</strong></span> 
     </span>
     <span class='ocr_line' id='line_1_15' title="bbox 238 1576 2240 1657; baseline 0.001 -22"><span class='ocrx_word' id='word_1_123' title='bbox 238 1577 304 1635; x_wconf 88' lang='lat' dir='ltr'>in</span> <span class='ocrx_word' id='word_1_124' title='bbox 353 1576 605 1633; x_wconf 87' lang='lat' dir='ltr'>oratione</span> <span class='ocrx_word' id='word_1_125' title='bbox 633 1576 827 1634; x_wconf 83' lang='lat' dir='ltr'>Crassi</span> <span class='ocrx_word' id='word_1_126' title='bbox 872 1576 1147 1655; x_wconf 85' lang='lat' dir='ltr'>scriptum</span> <span class='ocrx_word' id='word_1_127' title='bbox 1194 1578 1420 1656; x_wconf 78' lang='lat' dir='ltr'>copiose</span> <span class='ocrx_word' id='word_1_128' title='bbox 1466 1578 1739 1645; x_wconf 68' lang='lat' dir='ltr'>videmus</span> <span class='ocrx_word' id='word_1_129' title='bbox 1821 1580 1987 1638; x_wconf 88' lang='lat' dir='ltr'>Hanc</span> <span class='ocrx_word' id='word_1_130' title='bbox 2034 1597 2173 1657; x_wconf 86' lang='lat' dir='ltr'>ergo</span> <span class='ocrx_word' id='word_1_131' title='bbox 2202 1581 2240 1637; x_wconf 83' lang='lat'>9</span> 
     </span>
     <span class='ocr_line' id='line_1_16' title="bbox 240 1658 2245 1748; baseline 0.001 -22"><span class='ocrx_word' id='word_1_132' title='bbox 240 1665 726 1726; x_wconf 86' lang='lat' dir='ltr'>&#39;consuetudinem</span> <span class='ocrx_word' id='word_1_133' title='bbox 740 1666 1104 1748; x_wconf 69' lang='lat' dir='ltr'>benignitatis</span> <span class='ocrx_word' id='word_1_134' title='bbox 1145 1668 1427 1747; x_wconf 82' lang='lat' dir='ltr'>largitioni</span> <span class='ocrx_word' id='word_1_135' title='bbox 1467 1675 1767 1728; x_wconf 83' lang='lat' dir='ltr'>munerum</span> <span class='ocrx_word' id='word_1_136' title='bbox 1808 1658 1977 1747; x_wconf 85' lang='lat' dir='ltr'>longe</span> <span class='ocrx_word' id='word_1_137' title='bbox 2016 1675 2176 1725; x_wconf 90' lang='lat' dir='ltr'>ante-</span> <span class='ocrx_word' id='word_1_138' title='bbox 2234 1726 2245 1729; x_wconf 73' lang='grc'>-</span> 
     </span>
     <span class='ocr_line' id='line_1_17' title="bbox 241 1753 2179 1836; baseline 0.002 -24"><span class='ocrx_word' id='word_1_139' title='bbox 241 1775 418 1834; x_wconf 85' lang='lat' dir='ltr'>pono.</span> <span class='ocrx_word' id='word_1_140' title='bbox 503 1755 654 1816; x_wconf 81' lang='lat' dir='ltr'>Haec·</span> <span class='ocrx_word' id='word_1_141' title='bbox 695 1761 802 1816; x_wconf 81' lang='lat' dir='ltr'>est</span> <span class='ocrx_word' id='word_1_142' title='bbox 824 1756 1081 1835; x_wconf 84' lang='lat' dir='ltr'>gravium</span> <span class='ocrx_word' id='word_1_143' title='bbox 1121 1758 1417 1821; x_wconf 89' lang='lat' dir='ltr'>hominum</span> <span class='ocrx_word' id='word_1_144' title='bbox 1459 1764 1633 1836; x_wconf 89' lang='lat' dir='ltr'>atque</span> <span class='ocrx_word' id='word_1_145' title='bbox 1670 1776 2007 1835; x_wconf 89' lang='lat' dir='ltr'>magnorum</span> <span class='ocrx_word' id='word_1_146' title='bbox 2025 1777 2040 1825; x_wconf 91' lang='lat'>;</span> <span class='ocrx_word' id='word_1_147' title='bbox 2056 1801 2061 1806; x_wconf 85' lang='lat'><em>-</em></span> <span class='ocrx_word' id='word_1_148' title='bbox 2079 1753 2179 1816; x_wconf 84' lang='lat' dir='ltr'>illa</span> 
     </span>
     <span class='ocr_line' id='line_1_18' title="bbox 243 1846 2178 1926; baseline -0.001 -22"><span class='ocrx_word' id='word_1_149' title='bbox 243 1846 413 1924; x_wconf 82' lang='lat' dir='ltr'>quasi</span> <span class='ocrx_word' id='word_1_150' title='bbox 457 1851 874 1908; x_wconf 75' lang='lat' dir='ltr'>assentatorum</span> <span class='ocrx_word' id='word_1_151' title='bbox 911 1846 1129 1926; x_wconf 89' lang='lat' dir='ltr'>populi,</span> <span class='ocrx_word' id='word_1_152' title='bbox 1156 1847 1530 1922; x_wconf 82' lang='lat' dir='ltr'>multitudinis</span> <span class='ocrx_word' id='word_1_153' title='bbox 1567 1847 2178 1923; x_wconf 83' lang='lat' dir='ltr'>levitatemvoluptate</span> 
     </span>
     <span class='ocr_line' id='line_1_19' title="bbox 243 1929 2284 2014; baseline -0 -21"><span class='ocrx_word' id='word_1_154' title='bbox 243 1935 414 2014; x_wconf 81' lang='lat' dir='ltr'>quasi</span> <span class='ocrx_word' id='word_1_155' title='bbox 437 1935 798 1995; x_wconf 81' lang='lat' dir='ltr'>titillantium.</span> <span class='ocrx_word' id='word_1_156' title='bbox 843 1936 1155 1998; x_wconf 81' lang='lat' dir='ltr'>Conveniet</span> <span class='ocrx_word' id='word_1_157' title='bbox 1179 1944 1376 1994; x_wconf 90' lang='lat' dir='ltr'>autem</span> <span class='ocrx_word' id='word_1_158' title='bbox 1403 1953 1534 2001; x_wconf 87' lang='lat' dir='ltr'>cum</span> <span class='ocrx_word' id='word_1_159' title='bbox 1560 1936 1618 1993; x_wconf 77' lang='grc'>111</span> <span class='ocrx_word' id='word_1_160' title='bbox 1637 1934 1829 1993; x_wconf 89' lang='lat' dir='ltr'>dando</span> <span class='ocrx_word' id='word_1_161' title='bbox 1852 1929 2179 2010; x_wconf 81' lang='lat' dir='ltr'>munificum</span> <span class='ocrx_word' id='word_1_162' title='bbox 2207 1938 2284 1993; x_wconf 90' lang='grc'>10</span> 
     </span>
     <span class='ocr_line' id='line_1_20' title="bbox 241 2024 2178 2104; baseline -0.003 -19"><span class='ocrx_word' id='word_1_163' title='bbox 241 2043 395 2093; x_wconf 85' lang='grc'>6336,</span> <span class='ocrx_word' id='word_1_164' title='bbox 423 2031 552 2086; x_wconf 83' lang='lat' dir='ltr'>tum</span> <span class='ocrx_word' id='word_1_165' title='bbox 588 2025 648 2083; x_wconf 92' lang='lat' dir='ltr'>in</span> <span class='ocrx_word' id='word_1_166' title='bbox 689 2025 969 2104; x_wconf 84' lang='lat' dir='ltr'>exigendo</span> <span class='ocrx_word' id='word_1_167' title='bbox 1009 2045 1123 2084; x_wconf 89' lang='lat' dir='ltr'>non</span> <span class='ocrx_word' id='word_1_168' title='bbox 1150 2026 1456 2094; x_wconf 83' lang='lat' dir='ltr'>acerbum3</span> <span class='ocrx_word' id='word_1_169' title='bbox 1495 2025 1554 2083; x_wconf 92' lang='lat' dir='ltr'>in</span> <span class='ocrx_word' id='word_1_170' title='bbox 1581 2024 1844 2101; x_wconf 90' lang='lat' dir='ltr'>omnique</span> <span class='ocrx_word' id='word_1_171' title='bbox 1869 2042 1933 2082; x_wconf 93' lang='lat' dir='ltr'>re</span> <span class='ocrx_word' id='word_1_172' title='bbox 1958 2029 2178 2081; x_wconf 85' lang='lat' dir='ltr'>contra-</span> 
     </span>
     <span class='ocr_line' id='line_1_21' title="bbox 243 2112 2182 2186; baseline 0.002 -14"><span class='ocrx_word' id='word_1_173' title='bbox 243 2113 457 2183; x_wconf 89' lang='lat' dir='ltr'>henda,</span> <span class='ocrx_word' id='word_1_174' title='bbox 487 2113 802 2183; x_wconf 81' lang='lat' dir='ltr'>vendende,</span> <span class='ocrx_word' id='word_1_175' title='bbox 832 2114 1090 2186; x_wconf 85' lang='lat' dir='ltr'>emendo,</span> <span class='ocrx_word' id='word_1_176' title='bbox 1114 2114 1503 2183; x_wconf 79' lang='lat' dir='ltr'>conducendO,</span> <span class='ocrx_word' id='word_1_177' title='bbox 1526 2114 1785 2182; x_wconf 81' lang='lat' dir='ltr'>locande,</span> <span class='ocrx_word' id='word_1_178' title='bbox 1803 2112 2182 2176; x_wconf 73' lang='lat' dir='ltr'>vicinitatibus</span> 
     </span>
    </p>

    <p class='ocr_par' dir='ltr' id='par_1_4' title="bbox 243 2203 2294 3714">
     <span class='ocr_line' id='line_1_22' title="bbox 246 2203 2180 2283; baseline 0 -22"><span class='ocrx_word' id='word_1_179' title='bbox 246 2209 308 2262; x_wconf 91' lang='lat' dir='ltr'>et</span> <span class='ocrx_word' id='word_1_180' title='bbox 337 2204 587 2277; x_wconf 75' lang='lat' dir='ltr'>confiniis</span> <span class='ocrx_word' id='word_1_181' title='bbox 616 2222 841 2281; x_wconf 82' lang='lat' dir='ltr'>aequum</span> <span class='ocrx_word' id='word_1_182' title='bbox 869 2212 929 2268; x_wconf 85' lang='lat' dir='ltr'>et</span> <span class='ocrx_word' id='word_1_183' title='bbox 961 2205 1210 2274; x_wconf 83' lang='lat' dir='ltr'>facilem,</span> <span class='ocrx_word' id='word_1_184' title='bbox 1237 2204 1421 2263; x_wconf 90' lang='lat' dir='ltr'>multa</span> <span class='ocrx_word' id='word_1_185' title='bbox 1460 2205 1653 2263; x_wconf 87' lang='lat' dir='ltr'>multis</span> <span class='ocrx_word' id='word_1_186' title='bbox 1691 2204 1769 2262; x_wconf 88' lang='lat' dir='ltr'>de</span> <span class='ocrx_word' id='word_1_187' title='bbox 1799 2203 1930 2283; x_wconf 88' lang='lat' dir='ltr'>jure</span> <span class='ocrx_word' id='word_1_188' title='bbox 1957 2222 2067 2261; x_wconf 89' lang='lat' dir='ltr'>suo</span> <span class='ocrx_word' id='word_1_189' title='bbox 2089 2220 2180 2262; x_wconf 84' lang='lat' dir='ltr'>ce·</span> 
     </span>
     <span class='ocr_line' id='line_1_23' title="bbox 243 2292 2182 2376; baseline 0.001 -25"><span class='ocrx_word' id='word_1_190' title='bbox 243 2292 501 2361; x_wconf 85' lang='lat' dir='ltr'>dentem,</span> <span class='ocrx_word' id='word_1_191' title='bbox 544 2311 580 2350; x_wconf 91' lang='lat' dir='ltr'>a</span> <span class='ocrx_word' id='word_1_192' title='bbox 625 2293 819 2352; x_wconf 89' lang='lat' dir='ltr'>litibus</span> <span class='ocrx_word' id='word_1_193' title='bbox 847 2312 1001 2362; x_wconf 91' lang='lat' dir='ltr'>vero,</span> <span class='ocrx_word' id='word_1_194' title='bbox 1031 2301 1321 2371; x_wconf 84' lang='lat' dir='ltr'>quantum.</span> <span class='ocrx_word' id='word_1_195' title='bbox 1354 2294 1537 2376; x_wconf 82' lang='lat' dir='ltr'>liceat,</span> <span class='ocrx_word' id='word_1_196' title='bbox 1552 2301 1628 2353; x_wconf 71' lang='lat' dir='ltr'>,et</span> <span class='ocrx_word' id='word_1_197' title='bbox 1663 2294 1852 2353; x_wconf 88' lang='lat' dir='ltr'>nescio</span> <span class='ocrx_word' id='word_1_198' title='bbox 1894 2312 1969 2352; x_wconf 90' lang='lat' dir='ltr'>an</span> <span class='ocrx_word' id='word_1_199' title='bbox 2009 2293 2182 2371; x_wconf 81' lang='lat' dir='ltr'>paulo</span> 
     </span>
     <span class='ocr_line' id='line_1_24' title="bbox 247 2382 2281 2461; baseline 0 -22"><span class='ocrx_word' id='word_1_200' title='bbox 247 2382 384 2461; x_wconf 86' lang='lat' dir='ltr'>plus</span> <span class='ocrx_word' id='word_1_201' title='bbox 410 2382 585 2440; x_wconf 90' lang='lat' dir='ltr'>etiam</span> <span class='ocrx_word' id='word_1_202' title='bbox 611 2401 783 2459; x_wconf 87' lang='lat' dir='ltr'>quam</span> <span class='ocrx_word' id='word_1_203' title='bbox 809 2382 994 2450; x_wconf 85' lang='lat' dir='ltr'>liceat,</span> <span class='ocrx_word' id='word_1_204' title='bbox 1023 2384 1441 2443; x_wconf 85' lang='lat' dir='ltr'>abhorrentem.</span> <span class='ocrx_word' id='word_1_205' title='bbox 1520 2385 1630 2442; x_wconf 83' lang='lat' dir='ltr'>Est</span> <span class='ocrx_word' id='word_1_206' title='bbox 1669 2385 1818 2442; x_wconf 90' lang='lat' dir='ltr'>enim</span> <span class='ocrx_word' id='word_1_207' title='bbox 1854 2402 1970 2442; x_wconf 90' lang='lat' dir='ltr'>non</span> <span class='ocrx_word' id='word_1_208' title='bbox 2005 2382 2180 2442; x_wconf 82' lang='lat' dir='ltr'>modo</span> <span class='ocrx_word' id='word_1_209' title='bbox 2210 2384 2281 2440; x_wconf 94' lang='grc'>11</span> 
     </span>
     <span class='ocr_line' id='line_1_25' title="bbox 246 2471 2180 2551; baseline -0.001 -20"><span class='ocrx_word' id='word_1_210' title='bbox 246 2471 514 2544; x_wconf 77' lang='lat' dir='ltr'>liberale,</span> <span class='ocrx_word' id='word_1_211' title='bbox 532 2471 767 2549; x_wconf 90' lang='lat' dir='ltr'>paulum</span> <span class='ocrx_word' id='word_1_212' title='bbox 806 2489 1208 2549; x_wconf 85' lang='lat' dir='ltr'>nonnunquam</span> <span class='ocrx_word' id='word_1_213' title='bbox 1225 2472 1308 2531; x_wconf 89' lang='grc'>(16</span> <span class='ocrx_word' id='word_1_214' title='bbox 1336 2492 1440 2536; x_wconf 86' lang='lat' dir='ltr'>suo</span> <span class='ocrx_word' id='word_1_215' title='bbox 1474 2473 1605 2551; x_wconf 83' lang='lat' dir='ltr'>jure</span> <span class='ocrx_word' id='word_1_216' title='bbox 1633 2471 1927 2541; x_wconf 88' lang='lat' dir='ltr'>decedere,</span> <span class='ocrx_word' id='word_1_217' title='bbox 1956 2471 2112 2530; x_wconf 87' lang='lat' dir='ltr'>sed</span> <span class='ocrx_word' id='word_1_218' title='bbox 2097 2492 2180 2529; x_wconf 87' lang='lat' dir='ltr'>m-</span> 
     </span>
     <span class='ocr_line' id='line_1_26' title="bbox 248 2557 2288 2628; baseline -0.002 -8"><span class='ocrx_word' id='word_1_219' title='bbox 248 2560 482 2622; x_wconf 79' lang='lat' dir='ltr'>terdum</span> <span class='ocrx_word' id='word_1_220' title='bbox 508 2560 681 2618; x_wconf 87' lang='lat' dir='ltr'>etiam</span> <span class='ocrx_word' id='word_1_221' title='bbox 707 2560 1083 2628; x_wconf 69' lang='lat' dir='ltr'>fructuosum.</span> <span class='ocrx_word' id='word_1_222' title='bbox 1164 2561 1450 2623; x_wconf 88' lang='lat' dir='ltr'>Habenda</span> <span class='ocrx_word' id='word_1_223' title='bbox 1489 2567 1682 2619; x_wconf 89' lang='lat' dir='ltr'>autem</span> <span class='ocrx_word' id='word_1_224' title='bbox 1708 2557 1851 2618; x_wconf 89' lang='lat' dir='ltr'>ratio</span> <span class='ocrx_word' id='word_1_225' title='bbox 1877 2566 1967 2618; x_wconf 90' lang='lat' dir='ltr'>est</span> <span class='ocrx_word' id='word_1_226' title='bbox 1991 2560 2074 2617; x_wconf 90' lang='lat' dir='ltr'>rei</span> <span class='ocrx_word' id='word_1_227' title='bbox 2097 2559 2288 2617; x_wconf 57' lang='grc'>111-12</span> 
     </span>
     <span class='ocr_line' id='line_1_27' title="bbox 248 2648 2186 2728; baseline -0.003 -18"><span class='ocrx_word' id='word_1_228' title='bbox 248 2649 497 2717; x_wconf 73' lang='lat' dir='ltr'>minaris,</span> <span class='ocrx_word' id='word_1_229' title='bbox 516 2667 689 2727; x_wconf 81' lang='lat' dir='ltr'>quam</span> <span class='ocrx_word' id='word_1_230' title='bbox 710 2650 940 2727; x_wconf 89' lang='lat' dir='ltr'>quidem</span> <span class='ocrx_word' id='word_1_231' title='bbox 960 2650 1133 2710; x_wconf 88' lang='lat' dir='ltr'>dilabi</span> <span class='ocrx_word' id='word_1_232' title='bbox 1158 2651 1358 2725; x_wconf 89' lang='lat' dir='ltr'>sinere,</span> <span class='ocrx_word' id='word_1_233' title='bbox 1379 2649 1724 2728; x_wconf 86' lang='lat' dir='ltr'>flagitiosum</span> <span class='ocrx_word' id='word_1_234' title='bbox 1743 2656 1848 2717; x_wconf 85' lang='lat' dir='ltr'>est,</span> <span class='ocrx_word' id='word_1_235' title='bbox 1870 2648 1973 2706; x_wconf 88' lang='lat' dir='ltr'>sed</span> <span class='ocrx_word' id='word_1_236' title='bbox 1998 2648 2096 2717; x_wconf 89' lang='lat' dir='ltr'>ita,</span> <span class='ocrx_word' id='word_1_237' title='bbox 2117 2654 2186 2706; x_wconf 88' lang='lat' dir='ltr'>ut</span> 
     </span>
     <span class='ocr_line' id='line_1_28' title="bbox 249 2721 2287 2817; baseline -0.001 -19"><span class='ocrx_word' id='word_1_238' title='bbox 249 2738 643 2802; x_wconf 84' lang='lat' dir='ltr'>illiberalitatis</span> <span class='ocrx_word' id='word_1_239' title='bbox 670 2739 1028 2817; x_wconf 86' lang='lat' dir='ltr'>avaritiaeque</span> <span class='ocrx_word' id='word_1_240' title='bbox 1054 2721 1205 2798; x_wconf 88' lang='lat' dir='ltr'>absit</span> <span class='ocrx_word' id='word_1_241' title='bbox 1231 2739 1503 2816; x_wconf 83' lang='grc' dir='ltr'>3113Ρ1010.’</span> <span class='ocrx_word' id='word_1_242' title='bbox 1560 2738 1742 2798; x_wconf 87' lang='lat' dir='ltr'>Posse</span> <span class='ocrx_word' id='word_1_243' title='bbox 1767 2734 1916 2797; x_wconf 90' lang='lat' dir='ltr'>enim</span> <span class='ocrx_word' id='word_1_244' title='bbox 1944 2738 2183 2802; x_wconf 90' lang='grc'>111161311-</span> <span class='ocrx_word' id='word_1_245' title='bbox 2213 2744 2287 2797; x_wconf 81' lang='lat'>13</span> 
     </span>
     <span class='ocr_line' id='line_1_29' title="bbox 249 2827 2186 2913; baseline 0 -26"><span class='ocrx_word' id='word_1_246' title='bbox 249 2835 376 2900; x_wconf 80' lang='lat' dir='ltr'>tate</span> <span class='ocrx_word' id='word_1_247' title='bbox 403 2828 507 2897; x_wconf 87' lang='lat' dir='ltr'>uti,</span> <span class='ocrx_word' id='word_1_248' title='bbox 535 2847 653 2887; x_wconf 89' lang='lat' dir='ltr'>non</span> <span class='ocrx_word' id='word_1_249' title='bbox 678 2829 1037 2913; x_wconf 87' lang='lat' dir='ltr'>spoliantem</span> <span class='ocrx_word' id='word_1_250' title='bbox 1041 2846 1104 2887; x_wconf 90' lang='lat' dir='ltr'>se</span> <span class='ocrx_word' id='word_1_251' title='bbox 1131 2828 1486 2906; x_wconf 81' lang='lat' dir='ltr'>patrimoniO,</span> <span class='ocrx_word' id='word_1_252' title='bbox 1514 2827 1776 2888; x_wconf 86' lang='lat' dir='ltr'>nimirum</span> <span class='ocrx_word' id='word_1_253' title='bbox 1802 2835 1892 2888; x_wconf 90' lang='lat' dir='ltr'>est</span> <span class='ocrx_word' id='word_1_254' title='bbox 1930 2828 2186 2908; x_wconf 84' lang='lat' dir='ltr'>pecuniae</span> 
     </span>
     <span class='ocr_line' id='line_1_30' title="bbox 250 2917 2291 3006; baseline 0 -31"><span class='ocrx_word' id='word_1_255' title='bbox 250 2917 479 2976; x_wconf 84' lang='lat' dir='ltr'>fructus</span> <span class='ocrx_word' id='word_1_256' title='bbox 505 2917 802 2977; x_wconf 83' lang='lat' dir='ltr'>maximus.</span> <span class='ocrx_word' id='word_1_257' title='bbox 864 2918 1044 2976; x_wconf 87' lang='lat' dir='ltr'>Recte</span> <span class='ocrx_word' id='word_1_258' title='bbox 1066 2918 1237 2976; x_wconf 88' lang='lat' dir='ltr'>etiam</span> <span class='ocrx_word' id='word_1_259' title='bbox 1253 2936 1291 2976; x_wconf 90' lang='lat' dir='ltr'>a</span> <span class='ocrx_word' id='word_1_260' title='bbox 1311 2918 1704 3006; x_wconf 79' lang='lat' dir='ltr'>Theophrasto</span> <span class='ocrx_word' id='word_1_261' title='bbox 1723 2925 1814 2977; x_wconf 81' lang='lat' dir='ltr'>est</span> <span class='ocrx_word' id='word_1_262' title='bbox 1829 2919 2065 2978; x_wconf 83' lang='lat' dir='ltr'>laudata</span> <span class='ocrx_word' id='word_1_263' title='bbox 2083 2919 2291 2982; x_wconf 85' lang='lat'>110-14</span> 
     </span>
     <span class='ocr_line' id='line_1_31' title="bbox 250 2997 2187 3087; baseline -0.001 -20"><span class='ocrx_word' id='word_1_264' title='bbox 250 3007 552 3087; x_wconf 69' lang='lat' dir='ltr'>spitalitas</span> <span class='ocrx_word' id='word_1_265' title='bbox 631 3008 740 3066; x_wconf 87' lang='lat' dir='ltr'>Est</span> <span class='ocrx_word' id='word_1_266' title='bbox 758 3007 924 3075; x_wconf 87' lang='lat' dir='ltr'>enim,</span> <span class='ocrx_word' id='word_1_267' title='bbox 941 3014 1010 3065; x_wconf 90' lang='lat' dir='ltr'>ut</span> <span class='ocrx_word' id='word_1_268' title='bbox 1034 3007 1173 3065; x_wconf 88' lang='lat' dir='ltr'>mihi</span> <span class='ocrx_word' id='word_1_269' title='bbox 1198 3008 1429 3085; x_wconf 89' lang='lat' dir='ltr'>quidem</span> <span class='ocrx_word' id='word_1_270' title='bbox 1447 2997 1689 3078; x_wconf 83' lang='lat' dir='ltr'>videtur,</span> <span class='ocrx_word' id='word_1_271' title='bbox 1709 3009 1877 3069; x_wconf 87' lang='lat' dir='ltr'>valde</span> <span class='ocrx_word' id='word_1_272' title='bbox 1896 3008 2187 3076; x_wconf 86' lang='lat' dir='ltr'>decorum,</span> 
     </span>
     <span class='ocr_line' id='line_1_32' title="bbox 252 3096 2190 3178; baseline 0.001 -25"><span class='ocrx_word' id='word_1_273' title='bbox 252 3104 458 3176; x_wconf 84' lang='lat' dir='ltr'>patere</span> <span class='ocrx_word' id='word_1_274' title='bbox 474 3096 989 3156; x_wconf 49' lang='lat' dir='ltr'>domus‘hominum</span> <span class='ocrx_word' id='word_1_275' title='bbox 1001 3097 1306 3157; x_wconf 88' lang='lat' dir='ltr'>illustrium</span> <span class='ocrx_word' id='word_1_276' title='bbox 1320 3098 1634 3158; x_wconf 87' lang='lat' dir='ltr'>illustribus</span> <span class='ocrx_word' id='word_1_277' title='bbox 1650 3098 1994 3178; x_wconf 84' lang='lat' dir='ltr'>hospitibus:</span> <span class='ocrx_word' id='word_1_278' title='bbox 2015 3097 2190 3175; x_wconf 87' lang='lat' dir='ltr'>idque</span> 
     </span>
     <span class='ocr_line' id='line_1_33' title="bbox 253 3184 2188 3264; baseline -0.002 -19"><span class='ocrx_word' id='word_1_279' title='bbox 253 3186 433 3245; x_wconf 88' lang='lat' dir='ltr'>etiam</span> <span class='ocrx_word' id='word_1_280' title='bbox 472 3186 555 3243; x_wconf 87' lang='lat' dir='ltr'>rei</span> <span class='ocrx_word' id='word_1_281' title='bbox 596 3186 846 3264; x_wconf 85' lang='lat' dir='ltr'>publicae</span> <span class='ocrx_word' id='word_1_282' title='bbox 889 3192 978 3244; x_wconf 91' lang='lat' dir='ltr'>est</span> <span class='ocrx_word' id='word_1_283' title='bbox 1009 3195 1376 3256; x_wconf 80' lang='lat' dir='ltr'>ornamento,</span> <span class='ocrx_word' id='word_1_284' title='bbox 1401 3187 1658 3254; x_wconf 85' lang='lat' dir='ltr'>homines</span> <span class='ocrx_word' id='word_1_285' title='bbox 1698 3194 1959 3262; x_wconf 74' lang='lat' dir='ltr'>externos</span> <span class='ocrx_word' id='word_1_286' title='bbox 1985 3184 2095 3244; x_wconf 85' lang='lat' dir='ltr'>hoc</span> <span class='ocrx_word' id='word_1_287' title='bbox 2121 3184 2188 3242; x_wconf 89' lang='lat' dir='ltr'>li-</span> 
     </span>
     <span class='ocr_line' id='line_1_34' title="bbox 252 3273 2293 3354; baseline -0.001 -19"><span class='ocrx_word' id='word_1_288' title='bbox 252 3275 569 3335; x_wconf 85' lang='lat' dir='ltr'>beralitatis</span> <span class='ocrx_word' id='word_1_289' title='bbox 597 3293 804 3354; x_wconf 85' lang='lat' dir='ltr'>genere</span> <span class='ocrx_word' id='word_1_290' title='bbox 823 3276 882 3334; x_wconf 90' lang='lat' dir='ltr'>in</span> <span class='ocrx_word' id='word_1_291' title='bbox 899 3276 1040 3335; x_wconf 90' lang='lat' dir='ltr'>urbe</span> <span class='ocrx_word' id='word_1_292' title='bbox 1066 3283 1262 3334; x_wconf 89' lang='lat' dir='ltr'>nostra</span> <span class='ocrx_word' id='word_1_293' title='bbox 1279 3296 1394 3336; x_wconf 89' lang='lat' dir='ltr'>non</span> <span class='ocrx_word' id='word_1_294' title='bbox 1413 3294 1600 3354; x_wconf 87' lang='lat' dir='ltr'>egere.</span> <span class='ocrx_word' id='word_1_295' title='bbox 1680 3274 1788 3331; x_wconf 86' lang='lat' dir='ltr'>Est</span> <span class='ocrx_word' id='word_1_296' title='bbox 1806 3280 1999 3332; x_wconf 87' lang='lat' dir='ltr'>autem</span> <span class='ocrx_word' id='word_1_297' title='bbox 2018 3273 2190 3332; x_wconf 81' lang='lat' dir='ltr'>etiam</span> <span class='ocrx_word' id='word_1_298' title='bbox 2218 3276 2293 3334; x_wconf 83' lang='lat'>15</span> 
     </span>
     <span class='ocr_line' id='line_1_35' title="bbox 254 3353 2190 3443; baseline -0.003 -18"><span class='ocrx_word' id='word_1_299' title='bbox 254 3353 629 3425; x_wconf 86' lang='lat' dir='ltr'>vehementer</span> <span class='ocrx_word' id='word_1_300' title='bbox 653 3365 795 3423; x_wconf 85' lang='lat' dir='ltr'>utile</span> <span class='ocrx_word' id='word_1_301' title='bbox 832 3366 917 3433; x_wconf 91' lang='lat' dir='ltr'>iis,</span> <span class='ocrx_word' id='word_1_302' title='bbox 946 3366 1046 3443; x_wconf 87' lang='lat' dir='ltr'>qui</span> <span class='ocrx_word' id='word_1_303' title='bbox 1084 3366 1322 3425; x_wconf 87' lang='lat' dir='ltr'>honeste</span> <span class='ocrx_word' id='word_1_304' title='bbox 1362 3382 1532 3441; x_wconf 89' lang='lat' dir='ltr'>posse</span> <span class='ocrx_word' id='word_1_305' title='bbox 1569 3361 1815 3421; x_wconf 88' lang='lat' dir='ltr'>multum</span> <span class='ocrx_word' id='word_1_306' title='bbox 1840 3362 2057 3430; x_wconf 81' lang='lat' dir='ltr'>volunt,</span> <span class='ocrx_word' id='word_1_307' title='bbox 2085 3380 2190 3440; x_wconf 91' lang='lat' dir='ltr'>per</span> 
     </span>
     <span class='ocr_line' id='line_1_36' title="bbox 252 3451 2294 3534; baseline 0 -20"><span class='ocrx_word' id='word_1_308' title='bbox 252 3455 515 3533; x_wconf 85' lang='lat' dir='ltr'>hospites</span> <span class='ocrx_word' id='word_1_309' title='bbox 527 3454 684 3532; x_wconf 88' lang='lat' dir='ltr'>apud</span> <span class='ocrx_word' id='word_1_310' title='bbox 702 3461 963 3514; x_wconf 84' lang='lat' dir='ltr'>externos</span> <span class='ocrx_word' id='word_1_311' title='bbox 980 3455 1226 3534; x_wconf 87' lang='lat' dir='ltr'>populos</span> <span class='ocrx_word' id='word_1_312' title='bbox 1242 3454 1430 3513; x_wconf 82' lang='lat' dir='ltr'>valere</span> <span class='ocrx_word' id='word_1_313' title='bbox 1448 3452 1652 3532; x_wconf 89' lang='lat' dir='ltr'>opibus</span> <span class='ocrx_word' id='word_1_314' title='bbox 1667 3459 1727 3511; x_wconf 90' lang='lat' dir='ltr'>et</span> <span class='ocrx_word' id='word_1_315' title='bbox 1741 3451 1942 3531; x_wconf 84' lang='lat' dir='ltr'>gratia.</span> <span class='ocrx_word' id='word_1_316' title='bbox 2003 3452 2185 3511; x_wconf 82' lang='lat' dir='ltr'>Theo-</span> <span class='ocrx_word' id='word_1_317' title='bbox 2216 3456 2294 3514; x_wconf 78' lang='lat'>16</span> 
     </span>
     <span class='ocr_line' id='line_1_37' title="bbox 254 3541 2189 3623; baseline -0.001 -21"><span class='ocrx_word' id='word_1_318' title='bbox 254 3544 530 3623; x_wconf 78' lang='lat' dir='ltr'>phi-astus</span> <span class='ocrx_word' id='word_1_319' title='bbox 558 3544 789 3621; x_wconf 89' lang='lat' dir='ltr'>quidem</span> <span class='ocrx_word' id='word_1_320' title='bbox 816 3544 1025 3612; x_wconf 87' lang='lat' dir='ltr'>scribit,</span> <span class='ocrx_word' id='word_1_321' title='bbox 1056 3545 1351 3603; x_wconf 83' lang='lat' dir='ltr'>Cimonem</span> <span class='ocrx_word' id='word_1_322' title='bbox 1376 3541 1621 3601; x_wconf 84' lang='lat' dir='ltr'>Athenis</span> <span class='ocrx_word' id='word_1_323' title='bbox 1649 3542 1820 3601; x_wconf 87' lang='lat' dir='ltr'>etiam</span> <span class='ocrx_word' id='word_1_324' title='bbox 1842 3542 1904 3601; x_wconf 90' lang='lat' dir='ltr'>in</span> <span class='ocrx_word' id='word_1_325' title='bbox 1929 3559 2064 3599; x_wconf 89' lang='lat' dir='ltr'>suos</span> <span class='ocrx_word' id='word_1_326' title='bbox 2090 3560 2189 3604; x_wconf 80' lang='lat' dir='ltr'>cu·</span> 
     </span>
     <span class='ocr_line' id='line_1_38' title="bbox 255 3630 2190 3714; baseline -0.002 -18"><span class='ocrx_word' id='word_1_327' title='bbox 255 3633 428 3696; x_wconf 67' lang='lat' dir='ltr'>:iales</span> <span class='ocrx_word' id='word_1_328' title='bbox 440 3632 730 3704; x_wconf 66' lang='lat' dir='ltr'>Laciadas,</span> <span class='ocrx_word' id='word_1_329' title='bbox 742 3633 1085 3714; x_wconf 79' lang='lat' dir='ltr'>hospitalem</span> <span class='ocrx_word' id='word_1_330' title='bbox 1107 3634 1302 3694; x_wconf 81' lang='lat' dir='ltr'>fuisse.</span> <span class='ocrx_word' id='word_1_331' title='bbox 1381 3632 1646 3698; x_wconf 66' lang='lat' dir='ltr'>Itaenim</span> <span class='ocrx_word' id='word_1_332' title='bbox 1661 3631 1987 3704; x_wconf 78' lang='lat' dir='ltr'>instituisse,</span> <span class='ocrx_word' id='word_1_333' title='bbox 2008 3636 2071 3693; x_wconf 79' lang='lat' dir='ltr'>et</span> <span class='ocrx_word' id='word_1_334' title='bbox 2085 3630 2190 3694; x_wconf 82' lang='lat' dir='ltr'>vil-</span> 
     </span>
    </p>

    <p class='ocr_par' dir='ltr' id='par_1_5' title="bbox 1217 3721 1295 3782">
     <span class='ocr_line' id='line_1_39' title="bbox 1217 3721 1295 3782; baseline 0 -22"><span class='ocrx_word' id='word_1_335' title='bbox 1217 3721 1295 3782; x_wconf 64' lang='lat'>7*</span> 
     </span>
    </p>
   </div>
  </div>
 </body>
</html>
