<?xml version="1.0" encoding="UTF-8"?>
<!DOCTYPE html PUBLIC "-//W3C//DTD XHTML 1.0 Transitional//EN"
    "http://www.w3.org/TR/xhtml1/DTD/xhtml1-transitional.dtd">
<html xmlns="http://www.w3.org/1999/xhtml" xml:lang="en" lang="en">
 <head>
  <title>
</title>
<meta http-equiv="Content-Type" content="text/html;charset=utf-8" />
  <meta name='ocr-system' content='tesseract 3.04.00' />
  <meta name='ocr-capabilities' content='ocr_page ocr_carea ocr_par ocr_line ocrx_word'/>
</head>
<body>
  <div class='ocr_page' id='page_1' title='image "./deofficiislibri05cicegoog_0134.png"; bbox 0 0 2592 4142; ppageno 0'>
   <div class='ocr_carea' id='block_1_1' title="bbox 326 231 1514 291">
    <p class='ocr_par' dir='ltr' id='par_1_1' title="bbox 326 231 1514 291">
     <span class='ocr_line' id='line_1_1' title="bbox 326 231 1514 291; baseline -0.001 0"><span class='ocrx_word' id='word_1_1' title='bbox 326 236 442 291; x_wconf 80' lang='lat'><strong>116</strong></span> <span class='ocrx_word' id='word_1_2' title='bbox 505 265 510 268; x_wconf 22' lang='grc' dir='ltr'><strong>Δ</strong></span> <span class='ocrx_word' id='word_1_3' title='bbox 1015 231 1018 236; x_wconf 83' lang='grc'><strong><em>’</em></strong></span> <span class='ocrx_word' id='word_1_4' title='bbox 1154 250 1232 289; x_wconf 74' lang='lat' dir='ltr'><strong>nn</strong></span> <span class='ocrx_word' id='word_1_5' title='bbox 1261 247 1514 290; x_wconf 80' lang='lat' dir='ltr'><strong>omens</strong></span> 
     </span>
    </p>
   </div>
   <div class='ocr_carea' id='block_1_2' title="bbox 352 375 2376 3693">
    <p class='ocr_par' dir='ltr' id='par_1_2' title="bbox 423 375 2360 468">
     <span class='ocr_line' id='line_1_2' title="bbox 423 375 2360 468; baseline 0 -30"><span class='ocrx_word' id='word_1_6' title='bbox 423 378 722 468; x_wconf 78' lang='lat' dir='ltr'>exposuit:</span> <span class='ocrx_word' id='word_1_7' title='bbox 765 378 1101 440; x_wconf 89' lang='lat' dir='ltr'><strong>sententiam</strong></span> <span class='ocrx_word' id='word_1_8' title='bbox 1138 398 1211 454; x_wconf 83' lang='lat' dir='ltr'><strong>ne</strong></span> <span class='ocrx_word' id='word_1_9' title='bbox 1247 378 1477 448; x_wconf 83' lang='lat' dir='ltr'><strong>diceret,</strong></span> <span class='ocrx_word' id='word_1_10' title='bbox 1506 377 1826 458; x_wconf 81' lang='lat' dir='ltr'><strong>recusavit,</strong></span> <span class='ocrx_word' id='word_1_11' title='bbox 1810 397 1824 412; x_wconf 92' lang='lat'><strong>·</strong></span> <span class='ocrx_word' id='word_1_12' title='bbox 1866 396 2045 456; x_wconf 88' lang='lat' dir='ltr'><strong>quam</strong></span> <span class='ocrx_word' id='word_1_13' title='bbox 2082 375 2191 438; x_wconf 81' lang='lat' dir='ltr'><strong>diu</strong></span> <span class='ocrx_word' id='word_1_14' title='bbox 2224 377 2360 457; x_wconf 82' lang='lat' dir='ltr'><strong>jure</strong></span> 
     </span>
    </p>

    <p class='ocr_par' dir='ltr' id='par_1_3' title="bbox 357 461 2358 639">
     <span class='ocr_line' id='line_1_3' title="bbox 357 461 2358 551; baseline -0 -22"><span class='ocrx_word' id='word_1_15' title='bbox 357 478 394 529; x_wconf 81' lang='lat'><strong>3</strong></span> <span class='ocrx_word' id='word_1_16' title='bbox 417 461 664 550; x_wconf 78' lang='lat' dir='ltr'><strong>jurando</strong></span> <span class='ocrx_word' id='word_1_17' title='bbox 690 469 940 527; x_wconf 90' lang='lat' dir='ltr'><strong>hostium</strong></span> <span class='ocrx_word' id='word_1_18' title='bbox 975 476 1278 538; x_wconf 82' lang='lat' dir='ltr'><strong>teneretur,</strong></span> <span class='ocrx_word' id='word_1_19' title='bbox 1306 488 1420 528; x_wconf 88' lang='lat' dir='ltr'><strong>non</strong></span> <span class='ocrx_word' id='word_1_20' title='bbox 1460 487 1585 527; x_wconf 61' lang='lat' dir='ltr'><strong>esse</strong></span> <span class='ocrx_word' id='word_1_21' title='bbox 1625 488 1688 527; x_wconf 87' lang='lat' dir='ltr'><strong>se</strong></span> <span class='ocrx_word' id='word_1_22' title='bbox 1727 475 2068 540; x_wconf 74' lang='lat' dir='ltr'><strong>senatorem.</strong></span> <span class='ocrx_word' id='word_1_23' title='bbox 2152 467 2358 551; x_wconf 72' lang='lat' dir='ltr'><strong>Atque</strong></span> 
     </span>
     <span class='ocr_line' id='line_1_4' title="bbox 422 557 2355 650; baseline -0.001 -31"><span class='ocrx_word' id='word_1_24' title='bbox 422 560 564 620; x_wconf 89' lang='lat' dir='ltr'><strong>illud</strong></span> <span class='ocrx_word' id='word_1_25' title='bbox 590 559 761 618; x_wconf 83' lang='lat' dir='ltr'><strong>etiam</strong></span> <span class='ocrx_word' id='word_1_26' title='bbox 791 557 851 638; x_wconf 90' lang='lat' dir='ltr'><strong>(o</strong></span> <span class='ocrx_word' id='word_1_27' title='bbox 878 560 1118 618; x_wconf 84' lang='lat' dir='ltr'><strong>stultum</strong></span> <span class='ocrx_word' id='word_1_28' title='bbox 1146 559 1449 627; x_wconf 82' lang='lat' dir='ltr'><strong>hominem,</strong></span> <span class='ocrx_word' id='word_1_29' title='bbox 1477 559 1682 620; x_wconf 80' lang='lat' dir='ltr'><strong>dixerit</strong></span> <span class='ocrx_word' id='word_1_30' title='bbox 1708 559 2007 650; x_wconf 75' lang='lat' dir='ltr'><strong>quispiam,</strong></span> <span class='ocrx_word' id='word_1_31' title='bbox 2037 566 2099 618; x_wconf 90' lang='lat' dir='ltr'><strong>et</strong></span> <span class='ocrx_word' id='word_1_32' title='bbox 2139 579 2355 639; x_wconf 85' lang='lat' dir='ltr'><strong>repug—</strong></span> 
     </span>
    </p>

    <p class='ocr_par' dir='ltr' id='par_1_4' title="bbox 352 631 2356 819">
     <span class='ocr_line' id='line_1_5' title="bbox 352 631 2356 730; baseline -0 -20"><span class='ocrx_word' id='word_1_33' title='bbox 352 675 363 687; x_wconf 93' lang='lat'><strong>·</strong></span> <span class='ocrx_word' id='word_1_34' title='bbox 421 657 651 712; x_wconf 84' lang='lat' dir='ltr'><strong>nantem</strong></span> <span class='ocrx_word' id='word_1_35' title='bbox 665 650 893 709; x_wconf 77' lang='lat' dir='ltr'><strong>utilitati</strong></span> <span class='ocrx_word' id='word_1_36' title='bbox 912 669 1032 710; x_wconf 86' lang='lat' dir='ltr'><strong>suae</strong></span> <span class='ocrx_word' id='word_1_37' title='bbox 1058 649 1095 730; x_wconf 81' lang='lat'><strong>1)</strong></span> <span class='ocrx_word' id='word_1_38' title='bbox 1137 631 1302 708; x_wconf 87' lang='lat' dir='ltr'><strong>reddi</strong></span> <span class='ocrx_word' id='word_1_39' title='bbox 1322 650 1593 728; x_wconf 83' lang='lat' dir='ltr'><strong>captivos,</strong></span> <span class='ocrx_word' id='word_1_40' title='bbox 1615 650 1847 729; x_wconf 64' lang='lat' dir='ltr'><strong>negavit</strong></span> <span class='ocrx_word' id='word_1_41' title='bbox 1865 669 1989 708; x_wconf 88' lang='lat' dir='ltr'><strong>esse</strong></span> <span class='ocrx_word' id='word_1_42' title='bbox 2009 651 2186 711; x_wconf 87' lang='lat' dir='ltr'><strong>utile:</strong></span> <span class='ocrx_word' id='word_1_43' title='bbox 2227 651 2356 710; x_wconf 89' lang='lat' dir='ltr'><strong>illos</strong></span> 
     </span>
     <span class='ocr_line' id='line_1_6' title="bbox 422 725 2356 819; baseline -0.001 -18"><span class='ocrx_word' id='word_1_44' title='bbox 422 742 572 801; x_wconf 88' lang='lat' dir='ltr'><strong>enim</strong></span> <span class='ocrx_word' id='word_1_45' title='bbox 610 725 1003 800; x_wconf 71' lang='lat' dir='ltr'><strong>adolescentes</strong></span> <span class='ocrx_word' id='word_1_46' title='bbox 1043 759 1168 799; x_wconf 90' lang='lat' dir='ltr'><strong>esse</strong></span> <span class='ocrx_word' id='word_1_47' title='bbox 1208 746 1267 798; x_wconf 91' lang='lat' dir='ltr'><strong>et</strong></span> <span class='ocrx_word' id='word_1_48' title='bbox 1306 740 1486 799; x_wconf 87' lang='lat' dir='ltr'><strong>bonos</strong></span> <span class='ocrx_word' id='word_1_49' title='bbox 1531 740 1726 808; x_wconf 88' lang='lat' dir='ltr'><strong>duces,</strong></span> <span class='ocrx_word' id='word_1_50' title='bbox 1749 757 1819 799; x_wconf 87' lang='lat' dir='ltr'><strong>se</strong></span> <span class='ocrx_word' id='word_1_51' title='bbox 1856 741 1981 819; x_wconf 82' lang='lat' dir='ltr'><strong>jam</strong></span> <span class='ocrx_word' id='word_1_52' title='bbox 2024 742 2356 801; x_wconf 86' lang='lat' dir='ltr'><strong>confectum</strong></span> 
     </span>
    </p>

    <p class='ocr_par' dir='ltr' id='par_1_5' title="bbox 355 815 2367 1000">
     <span class='ocr_line' id='line_1_7' title="bbox 355 815 2357 909; baseline 0 -18"><span class='ocrx_word' id='word_1_53' title='bbox 355 837 395 892; x_wconf 83' lang='lat'>4</span> <span class='ocrx_word' id='word_1_54' title='bbox 421 837 730 890; x_wconf 75' lang='lat' dir='ltr'><strong>senectute.</strong></span> <span class='ocrx_word' id='word_1_55' title='bbox 814 830 999 908; x_wconf 80' lang='lat' dir='ltr'><strong>Cujus</strong></span> <span class='ocrx_word' id='word_1_56' title='bbox 1039 850 1172 888; x_wconf 87' lang='lat' dir='ltr'><strong>cum</strong></span> <span class='ocrx_word' id='word_1_57' title='bbox 1211 829 1483 888; x_wconf 85' lang='lat' dir='ltr'><strong>valuisset</strong></span> <span class='ocrx_word' id='word_1_58' title='bbox 1523 815 1849 899; x_wconf 82' lang='lat' dir='ltr'><strong>auctoritas,</strong></span> <span class='ocrx_word' id='word_1_59' title='bbox 1890 831 2105 909; x_wconf 87' lang='lat' dir='ltr'><strong>captivi</strong></span> <span class='ocrx_word' id='word_1_60' title='bbox 2145 833 2357 892; x_wconf 88' lang='lat' dir='ltr'><strong>retenti</strong></span> 
     </span>
     <span class='ocr_line' id='line_1_8' title="bbox 421 915 2367 1000; baseline -0.001 -20"><span class='ocrx_word' id='word_1_61' title='bbox 421 915 571 990; x_wconf 75' lang='lat' dir='ltr'><strong>suut,</strong></span> <span class='ocrx_word' id='word_1_62' title='bbox 600 922 735 999; x_wconf 74' lang='lat' dir='ltr'><strong>ipse</strong></span> <span class='ocrx_word' id='word_1_63' title='bbox 781 920 1199 999; x_wconf 81' lang='lat' dir='ltr'><strong>Karthaginem</strong></span> <span class='ocrx_word' id='word_1_64' title='bbox 1244 920 1453 978; x_wconf 89' lang='lat' dir='ltr'><strong>rediit:</strong></span> <span class='ocrx_word' id='word_1_65' title='bbox 1492 935 1678 997; x_wconf 86' lang='lat' dir='ltr'><strong>neque</strong></span> <span class='ocrx_word' id='word_1_66' title='bbox 1719 938 1853 979; x_wconf 86' lang='lat' dir='ltr'><strong>eum</strong></span> <span class='ocrx_word' id='word_1_67' title='bbox 1896 921 2104 979; x_wconf 73' lang='lat' dir='ltr'><strong>emitas</strong></span> <span class='ocrx_word' id='word_1_68' title='bbox 2149 922 2367 1000; x_wconf 21' lang='lat' dir='ltr'><strong>patriae.</strong></span> 
     </span>
    </p>

    <p class='ocr_par' dir='ltr' id='par_1_6' title="bbox 356 1009 2357 1180">
     <span class='ocr_line' id='line_1_9' title="bbox 356 1009 2356 1089; baseline -0.002 -16"><span class='ocrx_word' id='word_1_69' title='bbox 356 1021 392 1073; x_wconf 87' lang='lat'>5</span> <span class='ocrx_word' id='word_1_70' title='bbox 419 1011 665 1081; x_wconf 88' lang='lat' dir='ltr'><strong>retinuit,</strong></span> <span class='ocrx_word' id='word_1_71' title='bbox 693 1029 798 1069; x_wconf 82' lang='lat' dir='ltr'><strong>nee</strong></span> <span class='ocrx_word' id='word_1_72' title='bbox 825 1029 1072 1072; x_wconf 81' lang='lat' dir='ltr'><strong>suorum.</strong></span> <span class='ocrx_word' id='word_1_73' title='bbox 1158 1009 1364 1087; x_wconf 84' lang='lat' dir='ltr'><strong>Neque</strong></span> <span class='ocrx_word' id='word_1_74' title='bbox 1383 1028 1518 1068; x_wconf 87' lang='lat' dir='ltr'><strong>vero</strong></span> <span class='ocrx_word' id='word_1_75' title='bbox 1539 1010 1663 1068; x_wconf 91' lang='lat' dir='ltr'><strong>tum</strong></span> <span class='ocrx_word' id='word_1_76' title='bbox 1683 1009 2001 1089; x_wconf 84' lang='lat' dir='ltr'><strong>ignorabat,</strong></span> <span class='ocrx_word' id='word_1_77' title='bbox 2030 1030 2095 1070; x_wconf 87' lang='lat' dir='ltr'><strong>se</strong></span> <span class='ocrx_word' id='word_1_78' title='bbox 2119 1012 2199 1070; x_wconf 86' lang='lat' dir='ltr'><strong>ad</strong></span> <span class='ocrx_word' id='word_1_79' title='bbox 2226 1032 2356 1070; x_wconf 87' lang='lat' dir='ltr'><strong>eru-</strong></span> 
     </span>
     <span class='ocr_line' id='line_1_10' title="bbox 417 1098 2357 1180; baseline 0 -20"><span class='ocrx_word' id='word_1_80' title='bbox 417 1102 769 1161; x_wconf 87' lang='lat' dir='ltr'><strong>delissimum</strong></span> <span class='ocrx_word' id='word_1_81' title='bbox 785 1098 1020 1159; x_wconf 78' lang='lat' dir='ltr'><strong>hostem</strong></span> <span class='ocrx_word' id='word_1_82' title='bbox 1046 1106 1106 1158; x_wconf 85' lang='lat' dir='ltr'><strong>et</strong></span> <span class='ocrx_word' id='word_1_83' title='bbox 1144 1099 1221 1157; x_wconf 87' lang='lat' dir='ltr'><strong>ad</strong></span> <span class='ocrx_word' id='word_1_84' title='bbox 1248 1100 1529 1176; x_wconf 83' lang='lat' dir='ltr'><strong>exquisita</strong></span> <span class='ocrx_word' id='word_1_85' title='bbox 1567 1101 1848 1180; x_wconf 82' lang='lat' dir='ltr'><strong>supplicia</strong></span> <span class='ocrx_word' id='word_1_86' title='bbox 1886 1102 2204 1179; x_wconf 81' lang='lat' dir='ltr'><strong>proficisci:</strong></span> <span class='ocrx_word' id='word_1_87' title='bbox 2248 1103 2357 1160; x_wconf 89' lang='lat' dir='ltr'><strong>sed</strong></span> 
     </span>
    </p>

    <p class='ocr_par' dir='ltr' id='par_1_7' title="bbox 356 1190 2359 1361">
     <span class='ocr_line' id='line_1_11' title="bbox 356 1190 2357 1271; baseline -0 -21"><span class='ocrx_word' id='word_1_88' title='bbox 356 1198 391 1250; x_wconf 89' lang='lat'>6</span> <span class='ocrx_word' id='word_1_89' title='bbox 416 1192 512 1271; x_wconf 82' lang='lat' dir='ltr'><strong>Jus</strong></span> <span class='ocrx_word' id='word_1_90' title='bbox 534 1191 844 1270; x_wconf 79' lang='lat' dir='ltr'><strong>jurandum</strong></span> <span class='ocrx_word' id='word_1_91' title='bbox 870 1190 1323 1249; x_wconf 83' lang='lat' dir='ltr'><strong>conservandum</strong></span> <span class='ocrx_word' id='word_1_92' title='bbox 1361 1192 1619 1268; x_wconf 82' lang='lat' dir='ltr'><strong>putabat.</strong></span> <span class='ocrx_word' id='word_1_93' title='bbox 1658 1213 1665 1218; x_wconf 89' lang='grc'>·</span> <span class='ocrx_word' id='word_1_94' title='bbox 1703 1192 1907 1269; x_wconf 82' lang='lat' dir='ltr'><strong>Itaque</strong></span> <span class='ocrx_word' id='word_1_95' title='bbox 1935 1198 2079 1261; x_wconf 87' lang='lat' dir='ltr'><strong>tum,</strong></span> <span class='ocrx_word' id='word_1_96' title='bbox 2109 1210 2247 1251; x_wconf 90' lang='lat' dir='ltr'><strong>cum</strong></span> <span class='ocrx_word' id='word_1_97' title='bbox 2279 1194 2357 1249; x_wconf 84' lang='lat' dir='ltr'><strong>vi-</strong></span> 
     </span>
     <span class='ocr_line' id='line_1_12' title="bbox 420 1273 2359 1361; baseline 0.001 -22"><span class='ocrx_word' id='word_1_98' title='bbox 420 1282 650 1360; x_wconf 86' lang='lat' dir='ltr'><strong>gilando</strong></span> <span class='ocrx_word' id='word_1_99' title='bbox 675 1281 1001 1350; x_wconf 82' lang='lat' dir='ltr'><strong>necabatur,</strong></span> <span class='ocrx_word' id='word_1_100' title='bbox 1031 1285 1154 1339; x_wconf 87' lang='lat' dir='ltr'><strong>erat</strong></span> <span class='ocrx_word' id='word_1_101' title='bbox 1174 1280 1232 1338; x_wconf 86' lang='grc' dir='ltr'><strong>ιιι</strong></span> <span class='ocrx_word' id='word_1_102' title='bbox 1256 1281 1487 1339; x_wconf 89' lang='lat' dir='ltr'><strong>meliore</strong></span> <span class='ocrx_word' id='word_1_103' title='bbox 1509 1300 1699 1349; x_wconf 88' lang='lat' dir='ltr'><strong>causa,</strong></span> <span class='ocrx_word' id='word_1_104' title='bbox 1722 1301 1895 1361; x_wconf 83' lang='lat' dir='ltr'><strong>quam</strong></span> <span class='ocrx_word' id='word_1_105' title='bbox 1922 1279 1971 1359; x_wconf 80' lang='lat' dir='ltr'><strong>si</strong></span> <span class='ocrx_word' id='word_1_106' title='bbox 1999 1282 2155 1340; x_wconf 90' lang='lat' dir='ltr'><strong>domi</strong></span> <span class='ocrx_word' id='word_1_107' title='bbox 2182 1273 2359 1340; x_wconf 84' lang='lat' dir='ltr'><strong>senex</strong></span> 
     </span>
    </p>

    <p class='ocr_par' dir='ltr' id='par_1_8' title="bbox 356 1367 2360 1538">
     <span class='ocr_line' id='line_1_13' title="bbox 356 1367 2360 1450; baseline -0 -19"><span class='ocrx_word' id='word_1_108' title='bbox 356 1372 391 1431; x_wconf 80' lang='grc'><strong>’1</strong></span> <span class='ocrx_word' id='word_1_109' title='bbox 420 1372 696 1449; x_wconf 75' lang='lat' dir='ltr'><strong>captivuS,</strong></span> <span class='ocrx_word' id='word_1_110' title='bbox 725 1371 988 1449; x_wconf 74' lang='lat' dir='ltr'><strong>perjurus</strong></span> <span class='ocrx_word' id='word_1_111' title='bbox 1001 1367 1323 1444; x_wconf 14' lang='lat' dir='ltr'><strong>*consularis</strong></span> <span class='ocrx_word' id='word_1_112' title='bbox 1340 1371 1724 1450; x_wconf 78' lang='lat' dir='ltr'><strong>remansisset.</strong></span> <span class='ocrx_word' id='word_1_113' title='bbox 1794 1371 1887 1429; x_wconf 84' lang='lat' dir='ltr'><strong>At·</strong></span> <span class='ocrx_word' id='word_1_114' title='bbox 1902 1371 2094 1440; x_wconf 88' lang='lat' dir='ltr'><strong>stulte,</strong></span> <span class='ocrx_word' id='word_1_115' title='bbox 2116 1373 2215 1450; x_wconf 86' lang='lat' dir='ltr'><strong>qui</strong></span> <span class='ocrx_word' id='word_1_116' title='bbox 2242 1392 2360 1431; x_wconf 90' lang='lat' dir='ltr'><strong>non</strong></span> 
     </span>
     <span class='ocr_line' id='line_1_14' title="bbox 420 1453 2358 1538; baseline 0.001 -18"><span class='ocrx_word' id='word_1_117' title='bbox 420 1461 593 1520; x_wconf 85' lang='lat' dir='ltr'><strong>modo</strong></span> <span class='ocrx_word' id='word_1_118' title='bbox 620 1480 734 1518; x_wconf 89' lang='lat' dir='ltr'><strong>non</strong></span> <span class='ocrx_word' id='word_1_119' title='bbox 761 1460 1041 1518; x_wconf 79' lang='lat' dir='ltr'><strong>censuerit</strong></span> <span class='ocrx_word' id='word_1_120' title='bbox 1065 1460 1322 1538; x_wconf 80' lang='lat' dir='ltr'><strong>captivos</strong></span> <span class='ocrx_word' id='word_1_121' title='bbox 1362 1462 1755 1530; x_wconf 76' lang='lat' dir='ltr'><strong>remittendoS‚</strong></span> <span class='ocrx_word' id='word_1_122' title='bbox 1783 1453 1984 1536; x_wconf 71' lang='lat' dir='ltr'><strong>verum</strong></span> <span class='ocrx_word' id='word_1_123' title='bbox 2024 1453 2198 1520; x_wconf 82' lang='lat' dir='ltr'><strong>etiam</strong></span> <span class='ocrx_word' id='word_1_124' title='bbox 2239 1463 2358 1521; x_wconf 89' lang='lat' dir='ltr'><strong>dis-</strong></span> 
     </span>
    </p>

    <p class='ocr_par' dir='ltr' id='par_1_9' title="bbox 356 1550 2363 1990">
     <span class='ocr_line' id='line_1_15' title="bbox 356 1550 2361 1629; baseline 0 -19"><span class='ocrx_word' id='word_1_125' title='bbox 356 1559 392 1611; x_wconf 85' lang='lat'>8</span> <span class='ocrx_word' id='word_1_126' title='bbox 420 1551 672 1610; x_wconf 85' lang='lat' dir='ltr'><strong>suaserit.</strong></span> <span class='ocrx_word' id='word_1_127' title='bbox 759 1550 1059 1620; x_wconf 80' lang='lat' dir='ltr'><strong>Quomodo</strong></span> <span class='ocrx_word' id='word_1_128' title='bbox 1098 1550 1275 1619; x_wconf 81' lang='lat' dir='ltr'><strong>stulte</strong></span> <span class='ocrx_word' id='word_1_129' title='bbox 1296 1552 1325 1609; x_wconf 76' lang='lat'><strong>‘2</strong></span> <span class='ocrx_word' id='word_1_130' title='bbox 1367 1551 1612 1609; x_wconf 88' lang='lat' dir='ltr'><strong>etiamne</strong></span> <span class='ocrx_word' id='word_1_131' title='bbox 1653 1551 1701 1609; x_wconf 86' lang='lat' dir='ltr'><strong>si</strong></span> <span class='ocrx_word' id='word_1_132' title='bbox 1739 1551 1823 1609; x_wconf 88' lang='lat' dir='ltr'><strong>rei</strong></span> <span class='ocrx_word' id='word_1_133' title='bbox 1863 1550 2110 1629; x_wconf 77' lang='lat' dir='ltr'><strong>publicae</strong></span> <span class='ocrx_word' id='word_1_134' title='bbox 2139 1553 2361 1611; x_wconf 78' lang='lat' dir='ltr'><strong>eondu-</strong></span> 
     </span>
     <span class='ocr_line' id='line_1_16' title="bbox 421 1637 2363 1720; baseline -0.001 -20"><span class='ocrx_word' id='word_1_135' title='bbox 421 1641 588 1700; x_wconf 88' lang='lat' dir='ltr'><strong>cebat</strong></span> <span class='ocrx_word' id='word_1_136' title='bbox 604 1641 632 1699; x_wconf 69' lang='grc' dir='ltr'><strong>ἱ)</strong></span> <span class='ocrx_word' id='word_1_137' title='bbox 673 1639 874 1699; x_wconf 87' lang='lat' dir='ltr'><strong>Potest</strong></span> <span class='ocrx_word' id='word_1_138' title='bbox 889 1647 1099 1709; x_wconf 88' lang='lat' dir='ltr'><strong>autem,</strong></span> <span class='ocrx_word' id='word_1_139' title='bbox 1119 1641 1277 1718; x_wconf 92' lang='lat' dir='ltr'><strong>quod</strong></span> <span class='ocrx_word' id='word_1_140' title='bbox 1298 1641 1493 1699; x_wconf 90' lang='lat' dir='ltr'><strong>inutile</strong></span> <span class='ocrx_word' id='word_1_141' title='bbox 1518 1641 1599 1698; x_wconf 90' lang='lat' dir='ltr'><strong>rei</strong></span> <span class='ocrx_word' id='word_1_142' title='bbox 1616 1641 1863 1720; x_wconf 84' lang='lat' dir='ltr'><strong>publieae</strong></span> <span class='ocrx_word' id='word_1_143' title='bbox 1888 1641 1978 1710; x_wconf 91' lang='lat' dir='ltr'><strong>sit,</strong></span> <span class='ocrx_word' id='word_1_144' title='bbox 1987 1637 2060 1698; x_wconf 71' lang='lat' dir='ltr'><strong>&#39;id</strong></span> <span class='ocrx_word' id='word_1_145' title='bbox 2089 1642 2363 1719; x_wconf 78' lang='lat' dir='ltr'><strong>cuiquam</strong></span> 
     </span>
     <span class='ocr_line' id='line_1_17' title="bbox 419 1731 2363 1809; baseline 0 -19"><span class='ocrx_word' id='word_1_146' title='bbox 419 1731 528 1791; x_wconf 85' lang='lat' dir='ltr'><strong>civi</strong></span> <span class='ocrx_word' id='word_1_147' title='bbox 553 1731 689 1789; x_wconf 89' lang='lat' dir='ltr'><strong>utile</strong></span> <span class='ocrx_word' id='word_1_148' title='bbox 718 1732 892 1790; x_wconf 79' lang='lat' dir='ltr'><strong>esse?</strong></span> <span class='ocrx_word' id='word_1_149' title='bbox 973 1731 1257 1790; x_wconf 89' lang='lat' dir='ltr'>XXVIII.</span> <span class='ocrx_word' id='word_1_150' title='bbox 1301 1731 1644 1790; x_wconf 81' lang='lat' dir='ltr'><strong>Pervertunt</strong></span> <span class='ocrx_word' id='word_1_151' title='bbox 1669 1731 1927 1790; x_wconf 87' lang='lat' dir='ltr'><strong>homines</strong></span> <span class='ocrx_word' id='word_1_152' title='bbox 1947 1748 2036 1799; x_wconf 88' lang='lat' dir='ltr'><strong>ea,</strong></span> <span class='ocrx_word' id='word_1_153' title='bbox 2061 1749 2194 1809; x_wconf 86' lang='lat' dir='ltr'><strong>quae</strong></span> <span class='ocrx_word' id='word_1_154' title='bbox 2219 1740 2363 1790; x_wconf 91' lang='lat' dir='ltr'><strong>sunt</strong></span> 
     </span>
     <span class='ocr_line' id='line_1_18' title="bbox 418 1821 2363 1901; baseline 0 -20"><span class='ocrx_word' id='word_1_155' title='bbox 418 1822 789 1881; x_wconf 84' lang='lat' dir='ltr'><strong>fundamenta</strong></span> <span class='ocrx_word' id='word_1_156' title='bbox 821 1829 1062 1890; x_wconf 75' lang='lat' dir='ltr'><strong>naturae,</strong></span> <span class='ocrx_word' id='word_1_157' title='bbox 1092 1841 1225 1879; x_wconf 91' lang='lat' dir='ltr'><strong>cum</strong></span> <span class='ocrx_word' id='word_1_158' title='bbox 1250 1821 1553 1884; x_wconf 87' lang='lat' dir='ltr'><strong>utilitatem</strong></span> <span class='ocrx_word' id='word_1_159' title='bbox 1582 1822 1657 1880; x_wconf 88' lang='lat' dir='ltr'><strong>ab</strong></span> <span class='ocrx_word' id='word_1_160' title='bbox 1683 1821 1982 1901; x_wconf 85' lang='lat' dir='ltr'><strong>honestate</strong></span> <span class='ocrx_word' id='word_1_161' title='bbox 2023 1822 2363 1900; x_wconf 86' lang='lat' dir='ltr'><strong>sejungunt.</strong></span> 
     </span>
     <span class='ocr_line' id='line_1_19' title="bbox 423 1903 2363 1994; baseline -0.002 -23"><span class='ocrx_word' id='word_1_162' title='bbox 423 1913 636 1976; x_wconf 88' lang='lat' dir='ltr'><strong>Omnes</strong></span> <span class='ocrx_word' id='word_1_163' title='bbox 676 1903 828 1970; x_wconf 77' lang='lat' dir='ltr'><strong>euim</strong></span> <span class='ocrx_word' id='word_1_164' title='bbox 854 1912 1173 1990; x_wconf 84' lang='lat' dir='ltr'><strong>expetimus</strong></span> <span class='ocrx_word' id='word_1_165' title='bbox 1206 1911 1534 1981; x_wconf 85' lang='lat' dir='ltr'><strong>utilitatem,</strong></span> <span class='ocrx_word' id='word_1_166' title='bbox 1564 1910 1640 1969; x_wconf 88' lang='lat' dir='ltr'><strong>ad</strong></span> <span class='ocrx_word' id='word_1_167' title='bbox 1668 1929 1910 1994; x_wconf 86' lang='lat' dir='ltr'><strong>eamque</strong></span> <span class='ocrx_word' id='word_1_168' title='bbox 1946 1911 2222 1992; x_wconf 79' lang='lat' dir='ltr'><strong>rapimur,</strong></span> <span class='ocrx_word' id='word_1_169' title='bbox 2250 1929 2363 1969; x_wconf 86' lang='lat' dir='ltr'><strong>nee</strong></span> 
     </span>
    </p>

    <p class='ocr_par' dir='ltr' id='par_1_10' title="bbox 358 2001 2364 2170">
     <span class='ocr_line' id='line_1_20' title="bbox 358 2001 2364 2079; baseline -0.002 -17"><span class='ocrx_word' id='word_1_170' title='bbox 358 2009 393 2062; x_wconf 83' lang='lat'>2</span> <span class='ocrx_word' id='word_1_171' title='bbox 422 2003 609 2063; x_wconf 88' lang='lat' dir='ltr'><strong>facere</strong></span> <span class='ocrx_word' id='word_1_172' title='bbox 636 2001 799 2062; x_wconf 84' lang='lat' dir='ltr'><strong>aliter</strong></span> <span class='ocrx_word' id='word_1_173' title='bbox 826 2002 944 2060; x_wconf 92' lang='lat' dir='ltr'><strong>ullo</strong></span> <span class='ocrx_word' id='word_1_174' title='bbox 971 2002 1144 2061; x_wconf 90' lang='lat' dir='ltr'><strong>modo</strong></span> <span class='ocrx_word' id='word_1_175' title='bbox 1171 2021 1493 2079; x_wconf 87' lang='lat' dir='ltr'><strong>possumus.</strong></span> <span class='ocrx_word' id='word_1_176' title='bbox 1578 2001 1732 2060; x_wconf 85' lang='lat' dir='ltr'><strong>Nam</strong></span> <span class='ocrx_word' id='word_1_177' title='bbox 1761 2002 1888 2078; x_wconf 87' lang='lat' dir='ltr'><strong>quis</strong></span> <span class='ocrx_word' id='word_1_178' title='bbox 1929 2007 2034 2070; x_wconf 83' lang='lat' dir='ltr'><strong>est,</strong></span> <span class='ocrx_word' id='word_1_179' title='bbox 2066 2001 2166 2079; x_wconf 92' lang='lat' dir='ltr'><strong>qui</strong></span> <span class='ocrx_word' id='word_1_180' title='bbox 2195 2002 2364 2076; x_wconf 86' lang='lat' dir='ltr'><strong>utilia</strong></span> 
     </span>
     <span class='ocr_line' id='line_1_21' title="bbox 422 2090 2363 2193; baseline -0.002 -43"><span class='ocrx_word' id='word_1_181' title='bbox 422 2092 647 2170; x_wconf 88' lang='lat' dir='ltr'><strong>fugiat.</strong></span> <span class='ocrx_word' id='word_1_182' title='bbox 627 2093 654 2133; x_wconf 99' lang='grc'>9</span> <span class='ocrx_word' id='word_1_183' title='bbox 696 2098 798 2149; x_wconf 87' lang='lat' dir='ltr'><strong>aut</strong></span> <span class='ocrx_word' id='word_1_184' title='bbox 815 2092 953 2193; x_wconf 77' lang='lat' dir='ltr'><strong>quis</strong></span> <span class='ocrx_word' id='word_1_185' title='bbox 982 2092 1187 2169; x_wconf 53' lang='lat' dir='ltr'><strong>potius</strong></span> <span class='ocrx_word' id='word_1_186' title='bbox 1222 2091 1322 2168; x_wconf 90' lang='lat' dir='ltr'><strong>qui</strong></span> <span class='ocrx_word' id='word_1_187' title='bbox 1357 2110 1426 2149; x_wconf 87' lang='lat' dir='ltr'><strong>ea</strong></span> <span class='ocrx_word' id='word_1_188' title='bbox 1451 2108 1566 2149; x_wconf 88' lang='lat' dir='ltr'><strong>nou</strong></span> <span class='ocrx_word' id='word_1_189' title='bbox 1606 2090 2016 2150; x_wconf 88' lang='lat' dir='ltr'><strong>studiosissime</strong></span> <span class='ocrx_word' id='word_1_190' title='bbox 2044 2109 2363 2169; x_wconf 87' lang='lat' dir='ltr'><strong>persequa-</strong></span> 
     </span>
    </p>

    <p class='ocr_par' dir='ltr' id='par_1_11' title="bbox 357 2180 2360 2512">
     <span class='ocr_line' id='line_1_22' title="bbox 357 2180 2360 2283; baseline -0.001 -43"><span class='ocrx_word' id='word_1_191' title='bbox 357 2188 393 2240; x_wconf 83' lang='lat'><strong>3</strong></span> <span class='ocrx_word' id='word_1_192' title='bbox 423 2187 558 2239; x_wconf 88' lang='lat' dir='ltr'><strong>tur.</strong></span> <span class='ocrx_word' id='word_1_193' title='bbox 538 2182 566 2222; x_wconf 90' lang='grc'>9</span> <span class='ocrx_word' id='word_1_194' title='bbox 649 2180 767 2238; x_wconf 87' lang='lat' dir='ltr'><strong>Sed</strong></span> <span class='ocrx_word' id='word_1_195' title='bbox 796 2181 928 2257; x_wconf 89' lang='lat' dir='ltr'><strong>quia</strong></span> <span class='ocrx_word' id='word_1_196' title='bbox 967 2200 1249 2283; x_wconf 83' lang='lat' dir='ltr'><strong>nusquam</strong></span> <span class='ocrx_word' id='word_1_197' title='bbox 1289 2199 1612 2266; x_wconf 83' lang='lat' dir='ltr'><strong>possumus,</strong></span> <span class='ocrx_word' id='word_1_198' title='bbox 1655 2180 1762 2238; x_wconf 91' lang='lat' dir='ltr'><strong>nisi</strong></span> <span class='ocrx_word' id='word_1_199' title='bbox 1802 2181 1861 2239; x_wconf 89' lang='lat' dir='ltr'><strong>in</strong></span> <span class='ocrx_word' id='word_1_200' title='bbox 1901 2180 2091 2249; x_wconf 87' lang='lat' dir='ltr'><strong>laude,</strong></span> <span class='ocrx_word' id='word_1_201' title='bbox 2122 2181 2360 2249; x_wconf 85' lang='lat' dir='ltr'><strong>decore,</strong></span> 
     </span>
     <span class='ocr_line' id='line_1_23' title="bbox 422 2269 2365 2348; baseline 0 -21"><span class='ocrx_word' id='word_1_202' title='bbox 422 2270 722 2328; x_wconf 85' lang='lat' dir='ltr'><strong>honestate</strong></span> <span class='ocrx_word' id='word_1_203' title='bbox 752 2269 913 2327; x_wconf 81' lang='lat' dir='ltr'><strong>utilia</strong></span> <span class='ocrx_word' id='word_1_204' title='bbox 935 2269 1203 2348; x_wconf 82' lang='lat' dir='ltr'><strong>reperire,</strong></span> <span class='ocrx_word' id='word_1_205' title='bbox 1234 2277 1545 2348; x_wconf 84' lang='lat' dir='ltr'><strong>propterea</strong></span> <span class='ocrx_word' id='word_1_206' title='bbox 1569 2270 1666 2327; x_wconf 86' lang='lat' dir='ltr'><strong>illa</strong></span> <span class='ocrx_word' id='word_1_207' title='bbox 1693 2270 1876 2348; x_wconf 85' lang='lat' dir='ltr'><strong>prima</strong></span> <span class='ocrx_word' id='word_1_208' title='bbox 1915 2276 1975 2328; x_wconf 91' lang='lat' dir='ltr'><strong>et</strong></span> <span class='ocrx_word' id='word_1_209' title='bbox 2000 2287 2230 2340; x_wconf 87' lang='lat' dir='ltr'><strong>summa</strong></span> <span class='ocrx_word' id='word_1_210' title='bbox 2255 2270 2365 2327; x_wconf 84' lang='lat' dir='ltr'><strong>ha-</strong></span> 
     </span>
     <span class='ocr_line' id='line_1_24' title="bbox 423 2358 2367 2468; baseline 0 -50"><span class='ocrx_word' id='word_1_211' title='bbox 423 2359 664 2427; x_wconf 81' lang='lat' dir='ltr'><strong>bemus3</strong></span> <span class='ocrx_word' id='word_1_212' title='bbox 704 2358 962 2430; x_wconf 77' lang='lat' dir='ltr'><strong>utilitatis</strong></span> <span class='ocrx_word' id='word_1_213' title='bbox 1001 2377 1206 2468; x_wconf 79' lang='lat' dir='ltr'><strong>nomen</strong></span> <span class='ocrx_word' id='word_1_214' title='bbox 1243 2365 1360 2420; x_wconf 68' lang='lat' dir='ltr'><strong>n²0n</strong></span> <span class='ocrx_word' id='word_1_215' title='bbox 1397 2366 1520 2418; x_wconf 80' lang='lat' dir='ltr'><strong>tam</strong></span> <span class='ocrx_word' id='word_1_216' title='bbox 1560 2359 1922 2437; x_wconf 86' lang='lat' dir='ltr'><strong>splendidum</strong></span> <span class='ocrx_word' id='word_1_217' title='bbox 1949 2378 2124 2437; x_wconf 89' lang='lat' dir='ltr'><strong>quam</strong></span> <span class='ocrx_word' id='word_1_218' title='bbox 2162 2378 2367 2418; x_wconf 89' lang='lat' dir='ltr'><strong>neces-</strong></span> 
     </span>
     <span class='ocr_line' id='line_1_25' title="bbox 425 2448 945 2512; baseline -0.012 0"><span class='ocrx_word' id='word_1_219' title='bbox 425 2448 638 2512; x_wconf 75' lang='lat' dir='ltr'><strong>sarium</strong></span> <span class='ocrx_word' id='word_1_220' title='bbox 665 2448 945 2508; x_wconf 88' lang='lat' dir='ltr'><strong>ducimus.</strong></span> 
     </span>
    </p>

    <p class='ocr_par' dir='ltr' id='par_1_12' title="bbox 358 2536 2373 2797">
     <span class='ocr_line' id='line_1_26' title="bbox 358 2536 2371 2618; baseline 0.001 -21"><span class='ocrx_word' id='word_1_221' title='bbox 358 2544 397 2597; x_wconf 84' lang='lat'>4</span> <span class='ocrx_word' id='word_1_222' title='bbox 505 2539 656 2610; x_wconf 79' lang='lat' dir='ltr'><strong>Quid</strong></span> <span class='ocrx_word' id='word_1_223' title='bbox 702 2545 793 2598; x_wconf 89' lang='lat' dir='ltr'><strong>est</strong></span> <span class='ocrx_word' id='word_1_224' title='bbox 836 2539 1027 2618; x_wconf 77' lang='lat' dir='ltr'><strong>igitur,</strong></span> <span class='ocrx_word' id='word_1_225' title='bbox 1057 2538 1260 2606; x_wconf 79' lang='lat' dir='ltr'><strong>dixerit</strong></span> <span class='ocrx_word' id='word_1_226' title='bbox 1301 2539 1448 2617; x_wconf 88' lang='lat' dir='ltr'><strong>quis,</strong></span> <span class='ocrx_word' id='word_1_227' title='bbox 1491 2538 1549 2596; x_wconf 88' lang='lat' dir='ltr'><strong>in</strong></span> <span class='ocrx_word' id='word_1_228' title='bbox 1587 2537 1748 2617; x_wconf 81' lang='lat' dir='ltr'><strong>jure</strong></span> <span class='ocrx_word' id='word_1_229' title='bbox 1797 2536 2152 2618; x_wconf 78' lang='lat' dir='ltr'><strong>jurando?</strong></span> <span class='ocrx_word' id='word_1_230' title='bbox 2199 2538 2371 2599; x_wconf 84' lang='lat' dir='ltr'><strong>Num</strong></span> 
     </span>
     <span class='ocr_line' id='line_1_27' title="bbox 422 2628 2373 2706; baseline 0.001 -18"><span class='ocrx_word' id='word_1_231' title='bbox 422 2629 631 2688; x_wconf 88' lang='lat' dir='ltr'><strong>iratum</strong></span> <span class='ocrx_word' id='word_1_232' title='bbox 647 2630 911 2688; x_wconf 88' lang='lat' dir='ltr'><strong>timemus</strong></span> <span class='ocrx_word' id='word_1_233' title='bbox 927 2631 1133 2694; x_wconf 83' lang='lat' dir='ltr'><strong>Jovem</strong></span> <span class='ocrx_word' id='word_1_234' title='bbox 1143 2631 1171 2688; x_wconf 66' lang='lat'><strong>⁵?</strong></span> <span class='ocrx_word' id='word_1_235' title='bbox 1212 2630 1302 2688; x_wconf 90' lang='lat' dir='ltr'><strong>At</strong></span> <span class='ocrx_word' id='word_1_236' title='bbox 1316 2630 1428 2687; x_wconf 87' lang='lat' dir='ltr'><strong>hoc</strong></span> <span class='ocrx_word' id='word_1_237' title='bbox 1444 2628 1677 2706; x_wconf 87' lang='lat' dir='ltr'><strong>quidem</strong></span> <span class='ocrx_word' id='word_1_238' title='bbox 1694 2646 1987 2688; x_wconf 88' lang='lat' dir='ltr'><strong>commune</strong></span> <span class='ocrx_word' id='word_1_239' title='bbox 2006 2635 2096 2687; x_wconf 88' lang='lat' dir='ltr'><strong>est</strong></span> <span class='ocrx_word' id='word_1_240' title='bbox 2110 2629 2373 2689; x_wconf 87' lang='lat' dir='ltr'><strong>omnium</strong></span> 
     </span>
     <span class='ocr_line' id='line_1_28' title="bbox 425 2711 2370 2797; baseline 0.001 -21"><span class='ocrx_word' id='word_1_241' title='bbox 425 2719 910 2797; x_wconf 85' lang='lat' dir='ltr'><strong>philosophorum,</strong></span> <span class='ocrx_word' id='word_1_242' title='bbox 956 2740 1070 2777; x_wconf 90' lang='lat' dir='ltr'><strong>non</strong></span> <span class='ocrx_word' id='word_1_243' title='bbox 1113 2739 1313 2778; x_wconf 89' lang='lat' dir='ltr'><strong>eorum</strong></span> <span class='ocrx_word' id='word_1_244' title='bbox 1358 2718 1550 2787; x_wconf 89' lang='lat' dir='ltr'><strong>modo,</strong></span> <span class='ocrx_word' id='word_1_245' title='bbox 1600 2718 1698 2795; x_wconf 88' lang='lat' dir='ltr'><strong>qui</strong></span> <span class='ocrx_word' id='word_1_246' title='bbox 1745 2718 1917 2776; x_wconf 86' lang='lat' dir='ltr'><strong>deum</strong></span> <span class='ocrx_word' id='word_1_247' title='bbox 1961 2711 2119 2777; x_wconf 83' lang='lat' dir='ltr'><strong>nihil·</strong></span> <span class='ocrx_word' id='word_1_248' title='bbox 2146 2718 2370 2788; x_wconf 78' lang='lat' dir='ltr'><strong>habere</strong></span> 
     </span>
    </p>

    <p class='ocr_par' dir='ltr' id='par_1_13' title="bbox 383 2806 2367 2976">
     <span class='ocr_line' id='line_1_29' title="bbox 383 2806 2367 2885; baseline 0.002 -20"><span class='ocrx_word' id='word_1_249' title='bbox 383 2873 392 2877; x_wconf 41' lang='lat'><strong>,</strong></span> <span class='ocrx_word' id='word_1_250' title='bbox 424 2806 615 2884; x_wconf 81' lang='lat' dir='ltr'><strong>ipsum</strong></span> <span class='ocrx_word' id='word_1_251' title='bbox 654 2809 866 2885; x_wconf 90' lang='lat' dir='ltr'><strong>negotii</strong></span> <span class='ocrx_word' id='word_1_252' title='bbox 891 2809 1105 2877; x_wconf 83' lang='lat' dir='ltr'><strong>dieunt,</strong></span> <span class='ocrx_word' id='word_1_253' title='bbox 1127 2809 1271 2867; x_wconf 87' lang='lat' dir='ltr'><strong>nihil</strong></span> <span class='ocrx_word' id='word_1_254' title='bbox 1298 2808 1566 2867; x_wconf 83' lang='lat' dir='ltr'><strong>exhibere</strong></span> <span class='ocrx_word' id='word_1_255' title='bbox 1592 2806 1906 2875; x_wconf 45' lang='lat' dir='ltr'><strong>alteri,⁴sed</strong></span> <span class='ocrx_word' id='word_1_256' title='bbox 1945 2826 2144 2866; x_wconf 89' lang='lat' dir='ltr'><strong>eorum</strong></span> <span class='ocrx_word' id='word_1_257' title='bbox 2158 2807 2367 2877; x_wconf 74' lang='lat' dir='ltr'><strong>etiam,</strong></span> 
     </span>
     <span class='ocr_line' id='line_1_30' title="bbox 426 2895 2367 2976; baseline 0.002 -23"><span class='ocrx_word' id='word_1_258' title='bbox 426 2895 525 2972; x_wconf 92' lang='lat' dir='ltr'><strong>qui</strong></span> <span class='ocrx_word' id='word_1_259' title='bbox 541 2911 546 2916; x_wconf 82' lang='lat'><em>·</em></span> <span class='ocrx_word' id='word_1_260' title='bbox 565 2895 738 2954; x_wconf 91' lang='lat' dir='ltr'><strong>deum</strong></span> <span class='ocrx_word' id='word_1_261' title='bbox 773 2916 1007 2976; x_wconf 88' lang='lat' dir='ltr'><strong>semper</strong></span> <span class='ocrx_word' id='word_1_262' title='bbox 1053 2917 1224 2976; x_wconf 87' lang='lat' dir='ltr'><strong>agere</strong></span> <span class='ocrx_word' id='word_1_263' title='bbox 1264 2898 1478 2976; x_wconf 85' lang='lat' dir='ltr'><strong>aliquid</strong></span> <span class='ocrx_word' id='word_1_264' title='bbox 1518 2904 1579 2955; x_wconf 89' lang='lat' dir='ltr'><strong>et</strong></span> <span class='ocrx_word' id='word_1_265' title='bbox 1619 2895 1802 2974; x_wconf 85' lang='lat' dir='ltr'><strong>moliri</strong></span> <span class='ocrx_word' id='word_1_266' title='bbox 1828 2896 2042 2966; x_wconf 84' lang='lat' dir='ltr'><strong>volunt,</strong></span> <span class='ocrx_word' id='word_1_267' title='bbox 2072 2917 2367 2976; x_wconf 85' lang='lat' dir='ltr'><strong>nunquam</strong></span> 
     </span>
    </p>

    <p class='ocr_par' dir='ltr' id='par_1_14' title="bbox 361 2985 2371 3157">
     <span class='ocr_line' id='line_1_31' title="bbox 361 2985 2371 3066; baseline 0 -20"><span class='ocrx_word' id='word_1_268' title='bbox 361 2993 399 3046; x_wconf 80' lang='grc' dir='ltr'><strong>δ</strong></span> <span class='ocrx_word' id='word_1_269' title='bbox 426 3004 532 3043; x_wconf 88' lang='lat' dir='ltr'><strong>nec</strong></span> <span class='ocrx_word' id='word_1_270' title='bbox 551 2985 714 3045; x_wconf 87' lang='lat' dir='ltr'><strong>irasci</strong></span> <span class='ocrx_word' id='word_1_271' title='bbox 733 2986 923 3055; x_wconf 89' lang='lat' dir='ltr'><strong>deum,</strong></span> <span class='ocrx_word' id='word_1_272' title='bbox 946 3006 1050 3045; x_wconf 87' lang='lat' dir='ltr'><strong>nec</strong></span> <span class='ocrx_word' id='word_1_273' title='bbox 1072 2999 1291 3047; x_wconf 82' lang='lat' dir='ltr'><strong>nocere.</strong></span> <span class='ocrx_word' id='word_1_274' title='bbox 1357 2987 1510 3057; x_wconf 78' lang='lat' dir='ltr'><strong>Quid</strong></span> <span class='ocrx_word' id='word_1_275' title='bbox 1530 2993 1724 3046; x_wconf 84' lang='lat' dir='ltr'><strong>autem</strong></span> <span class='ocrx_word' id='word_1_276' title='bbox 1743 2988 1921 3046; x_wconf 87' lang='lat' dir='ltr'><strong>iratus</strong></span> <span class='ocrx_word' id='word_1_277' title='bbox 1940 2988 1979 3047; x_wconf 86' lang='lat' dir='ltr'>J</span> <span class='ocrx_word' id='word_1_278' title='bbox 1982 2988 2214 3066; x_wconf 78' lang='lat' dir='ltr'><strong>uppiter</strong></span> <span class='ocrx_word' id='word_1_279' title='bbox 2234 2989 2371 3066; x_wconf 87' lang='lat' dir='ltr'><strong>plus</strong></span> 
     </span>
     <span class='ocr_line' id='line_1_32' title="bbox 425 3076 2366 3157; baseline 0.002 -23"><span class='ocrx_word' id='word_1_280' title='bbox 425 3094 630 3140; x_wconf 85' lang='lat' dir='ltr'><strong>nocere</strong></span> <span class='ocrx_word' id='word_1_281' title='bbox 651 3077 947 3155; x_wconf 88' lang='lat' dir='ltr'><strong>potuisset,</strong></span> <span class='ocrx_word' id='word_1_282' title='bbox 965 3096 1139 3155; x_wconf 88' lang='lat' dir='ltr'><strong>quam</strong></span> <span class='ocrx_word' id='word_1_283' title='bbox 1156 3077 1352 3136; x_wconf 84' lang='lat' dir='ltr'><strong>necuit</strong></span> <span class='ocrx_word' id='word_1_284' title='bbox 1371 3077 1511 3136; x_wconf 89' lang='lat' dir='ltr'><strong>sibi</strong></span> <span class='ocrx_word' id='word_1_285' title='bbox 1495 3096 1617 3155; x_wconf 77' lang='lat' dir='ltr'><strong>ipse</strong></span> <span class='ocrx_word' id='word_1_286' title='bbox 1640 3078 1943 3156; x_wconf 83' lang='lat' dir='ltr'><strong>Regulus.</strong></span> <span class='ocrx_word' id='word_1_287' title='bbox 1922 3078 1963 3120; x_wconf 91' lang='grc'>9</span> <span class='ocrx_word' id='word_1_288' title='bbox 1993 3076 2174 3137; x_wconf 76' lang='lat' dir='ltr'><strong>Nulla</strong></span> <span class='ocrx_word' id='word_1_289' title='bbox 2193 3078 2366 3157; x_wconf 74' lang='lat' dir='ltr'><strong>igitur</strong></span> 
     </span>
    </p>

    <p class='ocr_par' dir='ltr' id='par_1_15' title="bbox 362 3163 2376 3427">
     <span class='ocr_line' id='line_1_33' title="bbox 362 3163 2370 3247; baseline 0 -21"><span class='ocrx_word' id='word_1_290' title='bbox 362 3172 399 3226; x_wconf 79' lang='lat'>6</span> <span class='ocrx_word' id='word_1_291' title='bbox 428 3165 513 3225; x_wconf 84' lang='lat' dir='ltr'><strong>vis</strong></span> <span class='ocrx_word' id='word_1_292' title='bbox 550 3166 660 3226; x_wconf 85' lang='lat' dir='ltr'><strong>fuit</strong></span> <span class='ocrx_word' id='word_1_293' title='bbox 689 3167 1002 3247; x_wconf 85' lang='lat' dir='ltr'><strong>¹religionis,</strong></span> <span class='ocrx_word' id='word_1_294' title='bbox 1032 3187 1161 3246; x_wconf 83' lang='lat' dir='ltr'><strong>quae</strong></span> <span class='ocrx_word' id='word_1_295' title='bbox 1200 3174 1424 3226; x_wconf 85' lang='lat' dir='ltr'><strong>tantam</strong></span> <span class='ocrx_word' id='word_1_296' title='bbox 1472 3167 1775 3225; x_wconf 84' lang='lat' dir='ltr'><strong>utilitatem</strong></span> <span class='ocrx_word' id='word_1_297' title='bbox 1818 3175 2187 3245; x_wconf 76' lang='lat' dir='ltr'><strong>perverteret.</strong></span> <span class='ocrx_word' id='word_1_298' title='bbox 2266 3163 2370 3226; x_wconf 82' lang='lat' dir='ltr'><strong>An</strong></span> 
     </span>
     <span class='ocr_line' id='line_1_34' title="bbox 428 3251 2376 3337; baseline 0.001 -24"><span class='ocrx_word' id='word_1_299' title='bbox 428 3274 504 3314; x_wconf 87' lang='lat' dir='ltr'><strong>ne</strong></span> <span class='ocrx_word' id='word_1_300' title='bbox 527 3257 769 3335; x_wconf 82' lang='lat' dir='ltr'><strong>turpiter</strong></span> <span class='ocrx_word' id='word_1_301' title='bbox 793 3259 1045 3318; x_wconf 86' lang='lat' dir='ltr'><strong>faceret.</strong></span> <span class='ocrx_word' id='word_1_302' title='bbox 1025 3259 1053 3301; x_wconf 88' lang='grc'>9</span> <span class='ocrx_word' id='word_1_303' title='bbox 1120 3251 1399 3325; x_wconf 87' lang='lat' dir='ltr'><strong>Primum,</strong></span> <span class='ocrx_word' id='word_1_304' title='bbox 1416 3256 1648 3315; x_wconf 89' lang='lat' dir='ltr'><strong>minima</strong></span> <span class='ocrx_word' id='word_1_305' title='bbox 1664 3256 1741 3317; x_wconf 89' lang='lat' dir='ltr'><strong>de</strong></span> <span class='ocrx_word' id='word_1_306' title='bbox 1761 3258 1941 3317; x_wconf 89' lang='lat' dir='ltr'><strong>malis.</strong></span> <span class='ocrx_word' id='word_1_307' title='bbox 2010 3255 2172 3316; x_wconf 80' lang='lat' dir='ltr'><strong>Num</strong></span> <span class='ocrx_word' id='word_1_308' title='bbox 2191 3257 2376 3337; x_wconf 87' lang='lat' dir='ltr'><strong>igitur</strong></span> 
     </span>
     <span class='ocr_line' id='line_1_35' title="bbox 430 3347 2373 3452; baseline 0.004 -50"><span class='ocrx_word' id='word_1_309' title='bbox 430 3351 653 3404; x_wconf 84' lang='lat' dir='ltr'><strong>tantum</strong></span> <span class='ocrx_word' id='word_1_310' title='bbox 679 3348 814 3406; x_wconf 85' lang='lat' dir='ltr'><strong>mali</strong></span> <span class='ocrx_word' id='word_1_311' title='bbox 840 3348 1137 3427; x_wconf 81' lang='lat' dir='ltr'><strong>turpitudo</strong></span> <span class='ocrx_word' id='word_1_312' title='bbox 1163 3350 1272 3407; x_wconf 86' lang='lat' dir='ltr'><strong>ista</strong></span> <span class='ocrx_word' id='word_1_313' title='bbox 1299 3348 1567 3416; x_wconf 86' lang='lat' dir='ltr'><strong>habebat,</strong></span> <span class='ocrx_word' id='word_1_314' title='bbox 1597 3355 1876 3452; x_wconf 79' lang='lat' dir='ltr'><strong>quantum</strong></span> <span class='ocrx_word' id='word_1_315' title='bbox 1902 3348 1998 3407; x_wconf 90' lang='lat' dir='ltr'><strong>ille</strong></span> <span class='ocrx_word' id='word_1_316' title='bbox 2026 3349 2320 3409; x_wconf 87' lang='lat' dir='ltr'><strong>cruciatus</strong></span> <span class='ocrx_word' id='word_1_317' title='bbox 2341 3347 2373 3410; x_wconf 71' lang='lat'><strong>⁴1</strong></span> 
     </span>
    </p>

    <p class='ocr_par' dir='ltr' id='par_1_16' title="bbox 366 3432 1483 3552">
     <span class='ocr_line' id='line_1_36' title="bbox 366 3432 1483 3552; baseline 0.002 -59"><span class='ocrx_word' id='word_1_318' title='bbox 366 3432 420 3493; x_wconf 77' lang='lat'><strong>⁴7</strong></span> <span class='ocrx_word' id='word_1_319' title='bbox 433 3432 657 3494; x_wconf 88' lang='lat' dir='ltr'><strong>Deinde</strong></span> <span class='ocrx_word' id='word_1_320' title='bbox 682 3437 826 3497; x_wconf 87' lang='lat' dir='ltr'><strong>illud</strong></span> <span class='ocrx_word' id='word_1_321' title='bbox 851 3439 1023 3496; x_wconf 87' lang='lat' dir='ltr'><strong>etiam</strong></span> <span class='ocrx_word' id='word_1_322' title='bbox 1050 3439 1208 3552; x_wconf 89' lang='lat' dir='ltr'><strong>apud</strong></span> <span class='ocrx_word' id='word_1_323' title='bbox 1235 3437 1483 3506; x_wconf 87' lang='lat' dir='ltr'><strong>Attium,</strong></span> 
     </span>
    </p>

    <p class='ocr_par' dir='ltr' id='par_1_17' title="bbox 639 3525 1855 3693">
     <span class='ocr_line' id='line_1_37' title="bbox 1228 3525 1835 3604; baseline 0 -19"><span class='ocrx_word' id='word_1_324' title='bbox 1228 3525 1586 3602; x_wconf 69' lang='lat' dir='ltr'><strong>Freqistin’</strong></span> <span class='ocrx_word' id='word_1_325' title='bbox 1605 3527 1817 3604; x_wconf 79' lang='lat' dir='ltr'><strong>fidem.</strong></span> <span class='ocrx_word' id='word_1_326' title='bbox 1806 3526 1835 3571; x_wconf 71' lang='lat'><em>2</em></span> 
     </span>
     <span class='ocr_line' id='line_1_38' title="bbox 639 3615 1872 3693; baseline 0.002 -18"><span class='ocrx_word' id='word_1_327' title='bbox 639 3615 842 3691; x_wconf 76' lang='lat' dir='ltr'><strong>Neque</strong></span> <span class='ocrx_word' id='word_1_328' title='bbox 866 3616 1009 3685; x_wconf 74' lang='lat' dir='ltr'><strong>dedi,</strong></span> <span class='ocrx_word' id='word_1_329' title='bbox 1037 3634 1211 3691; x_wconf 72' lang='lat' dir='ltr'><strong>nequa</strong></span> <span class='ocrx_word' id='word_1_330' title='bbox 1231 3617 1317 3674; x_wconf 82' lang='lat' dir='ltr'><strong>&#39;do</strong></span> <span class='ocrx_word' id='word_1_331' title='bbox 1334 3617 1554 3692; x_wconf 74' lang='lat' dir='ltr'><strong>infideli</strong></span> <span class='ocrx_word' id='word_1_332' title='bbox 1587 3619 1872 3693; x_wconf 75' lang='lat' dir='ltr'><strong>cuiquam,</strong></span> 
     </span>
    </p>
   </div>
   <div class='ocr_carea' id='block_1_3' title="bbox 2559 2 2566 2387">
    <p class='ocr_par' dir='ltr' id='par_1_18' title="bbox 2559 2 2566 2387">
     <span class='ocr_line' id='line_1_39' title="bbox 2559 2 2566 2387; baseline 0 0"><span class='ocrx_word' id='word_1_333' title='bbox 2559 2 2566 2387; x_wconf 95' lang='lat' dir='ltr'><strong> </strong></span> 
     </span>
    </p>
   </div>
   <div class='ocr_carea' id='block_1_4' title="bbox 2560 3489 2565 4017">
    <p class='ocr_par' dir='ltr' id='par_1_19' title="bbox 2560 3489 2565 4017">
     <span class='ocr_line' id='line_1_40' title="bbox 2560 3489 2565 4017; baseline 0 0"><span class='ocrx_word' id='word_1_334' title='bbox 2560 3489 2565 4017; x_wconf 95' lang='lat' dir='ltr'><strong> </strong></span> 
     </span>
    </p>
   </div>
  </div>
 </body>
</html>
