2592 4142
1024 244 1195 285 unna
1219 244 1282 285 11.
1364 242 1497 284 oAr.
1528 243 1613 282 m.
2248 226 2326 282 59

292 372 438 452 qnid
465 379 763 452 sequatur.'
836 373 982 443 Quae
1006 372 1153 437 enim
1181 379 1333 431 esset
1361 372 1474 430 ista
1497 390 1678 439 mens,
1704 369 1795 431 vel
1820 388 1951 448 quae
1976 367 2092 427 vita
2115 387 2220 447 po·
2250 372 2324 428 12

286 463 433 539 tius,
454 481 569 521 non
588 462 761 520 modo
781 461 1123 541 disputandi,
1145 462 1248 519 sed
1267 463 1437 520 etiam
1456 460 1681 519 vivendi
1707 460 1921 519 ratione
1948 459 2175 543 sublata
2190 458 2219 516 ‘2

297 552 364 610 N
363 571 427 610 os
468 559 677 619 autem,
705 557 775 609 ut
813 551 997 609 ceteri
1023 550 1133 609 alia
1172 558 1346 618 certa,
1373 550 1483 613 alia
1508 551 1721 615 incerta
1746 568 1871 608 esse
1899 549 2110 616 dicunt,
2140 547 2219 607 sie
2251 552 2325 607 13

295 642 378 700 ab
393 641 482 699 his
502 640 911 708 dissentientes,
933 640 1041 698 alia
1060 640 1393 718 probabilia,
1416 646 1612 699 contra
1627 640 1740 698 alia
1759 638 2014 697 dicimus,
2069 637 2223 707 Quid
2252 641 2334 696 14

296 736 393 789 est
416 729 607 809 igitur,
628 728 785 808 quod
809 747 904 787 me
929 729 1220 807 impediat,
1242 748 1312 787 ea
1338 747 1469 806 quae
1495 728 1806 806 probabilia
1831 728 1970 787 mihi
1994 726 2222 786 videan-

295 826 414 887 tur,
443 817 604 896 sequi
619 819 648 877 ἱ)
688 836 820 896 qum
860 818 1074 885 contra,
1102 818 1461 896 improbare3
1502 825 1674 896 atque
1715 816 2028 875 affirmandi
2068 835 2222 876 arro-

295 907 553 987 gantiam
575 907 867 976 vitantem,
893 907 1096 985 fugere
1120 900 1518 977 temeritatem,
1545 924 1677 985 quae
1702 925 1737 964 a
1762 906 2037 985 sapientia
2062 905 2221 964 dissi-

297 998 405 1056 det
443 996 755 1074 plurimum
770 997 799 1054 ‘2
844 997 851 1004 ’
880 996 1101 1059 Contra
1134 1000 1329 1055 autem
1367 997 1555 1054 omnia
1582 996 1905 1074 disputatur
1939 1014 1974 1053 a
1998 995 2221 1064 nostris,
2252 1000 2327 1057 15

296 1086 459 1164 quod
481 1085 594 1144 hoe
619 1086 807 1163 ipsum
832 1086 1124 1163 probabile
1150 1086 1374 1145 elucere
1399 1104 1514 1147 non
1537 1085 1732 1164 possit,
1754 1085 1861 1143 nisi
1885 1102 1957 1145 ex
1982 1091 2224 1161 utraque

296 1181 465 1255 parte
501 1193 798 1234 causarum
834 1180 988 1233 esset
1024 1175 1180 1234 facta
1214 1175 1518 1235 contentio.
1593 1174 1715 1237 Sed
1758 1174 1885 1232 haec
1923 1174 2226 1251 explanata
2254 1177 2328 1232 16

295 1272 436 1324 sunt
459 1265 518 1323 in
541 1263 902 1327 Academicis
927 1264 1134 1322 nostris
1159 1265 1313 1332 satis,
1343 1268 1418 1323 ut
1433 1264 1691 1332 arbitror,
1719 1263 2031 1343 diligenter.
2100 1262 2227 1323 'ribi
2255 1261 2330 1323 1⁷

295 1361 511 1422 autem,
540 1354 620 1412 mi
647 1353 863 1421 Cicero,
893 1364 1239 1431 quamquam
1265 1354 1323 1411 in
1348 1354 1737 1457 antiquissima
1770 1352 2226 1430 nobilissimaque

298 1443 679 1523 philosophia,
730 1434 1008 1521 Cratippo
1061 1449 1312 1511 auctore,
1360 1443 1617 1511 versaris,
1665 1442 1760 1501 115
1785 1442 2080 1512 simillimo,
2127 1441 2227 1520 qui

292 1533 412 1591 1818
438 1532 714 1611 praeclara
739 1536 1118 1647 pepererunt-3
1145 1538 1340 1590 tamen
1364 1525 1493 1591 haec
1512 1538 1724 1601 nostra,
1746 1526 1980 1590 finitima
2003 1531 2262 1602 vestris,

297 1622 500 1701 ignota
524 1639 650 1680 esse
673 1612 1093 1679 1181111.”85(1
1068 1638 1191 1701 Jam
1216 1620 1293 1679 ad
1319 1621 1580 1681 instituta
1603 1639 1929 1701 pergamus.

378 1800 496 1859 III.
527 1799 787 1878 Quinque
806 1799 984 1879 igitur
999 1798 1309 1861 ratiom‘bus
1328 1799 1632 1879 propositis
1651 1798 1816 1857 officii
1835 1798 2227 1877 persequendi,

296 1890 544 1971 quarum
554 1889 686 1948 duoe
703 1889 777 1947 ad
788 1884 963 1948 decus
975 1889 1448 1969 honestatemque
1463 1888 1826 1966 pertinerent,
1840 1887 1973 1965 (11158
1989 1887 2063 1947 ad
2074 1906 2228 1946 com-

297 1978 474 2038 moda
500 1978 648 2048 vitae,
682 1978 890 2057 copias,
920 1995 1079 2056 opes,
1106 1977 1431 2046 facultates,
1459 1976 1657 2055 quinta
1683 1975 1759 2036 ad
1795 1976 2040 2055 eligendi
2074 1975 2227 2055 judi-

299 2069 470 2137 cium,
513 2070 561 2127 si
598 2068 826 2146 quando
865 2086 951 2136 ea,
981 2086 1112 2146 quae
1147 2066 1282 2135 dixi,
1311 2084 1573 2146 pugnare
1609 2065 1757 2125 inter
1781 2085 1844 2124 se
1870 2064 2228 2124 viderentur:

298 2158 615 2217 honestatis
641 2174 774 2237 pars
795 2158 1056 2216 confecta
1074 2163 1178 2226 est,
1201 2175 1377 2235 quam
1398 2155 1626 2235 quidem
1653 2156 1762 2217 tibi
1784 2155 1952 2234 cupio
1979 2174 2105 2214 esse
2128 2173 2229 2214 no-

299 2248 594 2307 tissimam.
675 2247 805 2306 Hoc
844 2252 1056 2314 autem,
1086 2245 1161 2304 de
1187 2265 1304 2323 quo
1338 2265 1488 2304 nunc
1527 2245 1767 2326 agimus,
1793 2245 1856 2315 id
1893 2246 2082 2324 ipsum
2120 2251 2225 2314 est,
2257 2248 2293 2303 2

299 2336 460 2414 quod
501 2336 675 2396 utile
716 2335 1054 2415 appellatur.
1135 2335 1206 2393 In
1246 2353 1363 2414 quo
1401 2336 1565 2414 lapsa
1607 2336 1960 2395 consuetudo
1997 2335 2230 2395 deflexit
2255 2340 2292 2393 3

300 2425 379 2485 de
414 2426 522 2494 via,
558 2425 878 2503 sensimque
917 2416 986 2483 eo
1025 2423 1276 2484 deducta
1315 2433 1421 2493 est,
1461 2432 1529 2484 ut
1566 2426 1923 2484 honestatem
1962 2426 2038 2484 ab
2077 2424 2226 2485 utili-

302 2521 424 2574 tate
451 2533 747 2573 secernens
774 2514 1157 2582 constitueret,
1180 2533 1306 2573 esse
1331 2514 1635 2574 honestum
1659 2513 1887 2593 aliquid,
1909 2513 2065 2590 quod
2092 2512 2230 2571 utile

301 2623 419 2663 non
444 2610 612 2672 esset,
641 2609 702 2662 et
740 2604 894 2671 111115,
922 2603 1080 2681 quod
1105 2622 1221 2662 non
1253 2604 1591 2661 honestum·
1633 2621 1749 2680 qua
1771 2602 1930 2661 1111118
1956 2601 2230 2679 pernicies

301 2694 489 2772 major
512 2693 806 2752 hominum
830 2693 964 2751 vitae
991 2693 1180 2772 potuit
1203 2693 1407 2750 afferri.
1475 2677 1713 2750 summa
1731 2690 1963 2769 quidem
1987 2689 2228 2749 auctori-
2254 2694 2294 2750 4

304 2790 433 2842 tate
464 2782 817 2861 philosophi,
845 2801 1040 2843 severe
1076 2799 1215 2843 sane
1250 2788 1426 2860 atque
1450 2783 1706 2850 honeste,
1736 2781 1862 2840 haec
1887 2780 1998 2839 tria
2020 2797 2232 2861 genera

302 2873 559 2939 confusa,
590 2872 929 2951 cogitatione
956 2872 1328 2951 distinguunt.
1408 2870 1692 2949 Quicquid
1718 2870 1865 2931 enim
1889 2870 2110 2950 justum
2135 2870 2225 2939 sit,
2256 2878 2294 2932 5

300 2961 365 3022 id
385 2962 558 3021 etiam
575 2961 712 3022 utile
732 2980 858 3020 esse
877 2968 1137 3020 censent:
1178 2962 1426 3040 itemque
1444 2961 1601 3038 quod
1620 2954 1940 3030 honestum,
1958 2960 2109 3019 idem
2132 2959 2227 3038 ju-

301 3058 477 3111 stum.
560 3052 652 3110 Ex
677 3070 792 3128 quo
819 3050 1074 3119 efficitur,
1104 3057 1186 3121 ut,
1214 3040 1498 3130 quicquid*
1522 3051 1825 3110 honestum
1863 3049 1953 3119 511,
1980 3049 2133 3110 1(18111
2156 3048 2233 3107 511

299 3141 461 3200 111115.
544 3140 713 3220 Quod
740 3140 838 3218 qui
872 3159 1075 3219 parum
1102 3141 1467 3220 perspiciunt,
1495 3140 1556 3199 hi
1582 3158 1737 3218 saepe
1763 3144 2022 3197 versutos
2047 3136 2228 3196 homi·
2255 3143 2294 3197 6
2422 3177 2435 3188 -

300 3246 408 3290 nes
454 3237 516 3289 et
560 3229 791 3289 callidos
837 3229 1197 3299 admirantes,
1244 3230 1526 3289 malitiam·
1571 3226 1903 3305 sapientiam
1951 3225 2227 3304 judicant.

302 3321 567 3391 Quorum
591 3338 749 3378 error
774 3319 1095 3398 eripiendus
1121 3326 1227 3388 est,
1258 3319 1563 3397 opinioque
1601 3316 1782 3375 omnis
1807 3315 1884 3373 ad
1912 3332 2039 3373 eam
2065 3330 2228 3393 spem
2258 3314 2293 3374 ‘1

300 3408 678 3478 traducenda,
703 3415 774 3469 nt
808 3408 1060 3468 honestis
1088 3409 1330 3468 consiliis
1365 3407 1649 3486 justisque
1674 3405 1856 3474 factis,
1884 3422 2000 3463 non
2026 3403 2229 3463 fraude

300 3506 365 3560 et
390 3497 621 3569 malitia,
651 3517 714 3558 se
738 3496 1055 3578 intelligant
1079 3516 1165 3566 ea,
1195 3516 1328 3576 quae
1352 3496 1544 3564 velint,
1575 3495 1843 3573 consequi
1867 3510 2055 3573 posse.

385 3589 536 3661 Quae
578 3607 719 3669 ergo
755 3588 834 3648 ad
862 3589 1048 3648 vitam
1092 3587 1386 3648 hominum
1426 3585 1707 3647 tuendam
1750 3582 2051 3664 pertinent,
2095 3601 2225 3663 par·
2254 3587 2294 3644 8
