2592 4142
312 252 392 310 82
581 285 588 288 -
1148 263 1226 302 nn
1249 260 1515 305 ornem

350 399 390 453 4
415 392 734 456 Africanus.
747 390 923 451 nihilo
947 390 1285 470 locupletior
1308 388 1663 469 Karthagine
1702 406 1917 449 eversa.
1998 388 2155 460 Quid
2174 389 2205 450 ‘2
2259 388 2369 469 qui

416 483 544 562 ejus
585 482 811 561 collega
851 481 960 540 fuit
996 481 1055 540 in
1094 498 1351 550 censura,
1379 480 1447 539 L.
1473 478 1803 549 Mummius,
1842 479 2123 558 numquid
2164 480 2366 558 eopio-

417 572 547 642 sior,
565 591 701 632 cum
719 570 1164 649 copiosissimam
1191 571 1395 629 urbem
1420 569 1678 632 funditus
1705 569 2027 628 sustulisset
2043 571 2073 627 ‘3
2126 570 2365 628 Italiam

416 680 634 730 ornare,
662 679 837 740 quam
863 659 1099 719 domum
1134 678 1317 728 suam,
1345 659 1560 718 maluit.
1644 659 2007 742 Quamquam
2052 659 2222 718 Italia
2265 679 2364 718 or-

351 759 390 813 5
416 758 568 820 nata,
590 751 796 811 demus
820 750 947 832 ipsa
970 750 1110 809 mihi
1124 749 1351 813 videtur
1370 749 1632 808 ornatior.
1694 749 1937 807 Nullum
1961 749 2137 827 igitur
2153 749 2362 808 vitium

417 839 637 901 taetrius
663 848 752 900 est
795 838 887 919 (ut
911 858 1001 909 eo,
1030 840 1185 899 unde
1221 857 1455 919 egressa
1479 845 1586 907 est,
1614 838 1828 897 referat
1853 857 1918 897 se
1943 837 2152 920 oratio)
2180 853 2364 916 quam

415 930 668 999 avaritia,
696 929 1015 1008 praesertim
1039 929 1098 988 in
1123 928 1474 1008 principibus
1512 945 1634 987 rem
1673 928 1964 1005 publicam
1988 928 2362 1007 gubernanti-

345 1026 388 1088 ,6
416 1020 544 1081 bus.
625 1017 858 1079 Habere
883 1020 1033 1078 enim
1059 1018 1308 1098 quaestui
1331 1037 1455 1080 rem
1480 1017 1771 1095 publicam
1810 1036 1929 1076 non
1965 1017 2139 1076 modo
2156 1055 2163 1060 -
2182 1024 2363 1096 turpe

353 1111 389 1171 '1
418 1117 523 1180 est,
552 1108 656 1170 sed
682 1110 1024 1169 sceleratum
1051 1108 1224 1167 etiam
1249 1113 1312 1166 et
1336 1106 1632 1167 nefarium.
1714 1108 1920 1185 Itaque
1955 1106 2111 1185 quod
2138 1107 2364 1184 Apollo

415 1200 664 1278 Pythius
687 1199 988 1259 oraculum
1009 1198 1219 1266 edidit,
1248 1197 1520 1275 Spartam
1546 1196 1704 1255 nulla
1728 1215 1791 1254 re
1817 1196 1946 1265 alia,
1974 1196 2081 1254 nisi
2118 1195 2362 1253 avaritia

417 1309 545 1350 esse
591 1289 921 1368 perituram,
968 1289 1029 1348 id
1074 1287 1304 1347 videtur
1346 1305 1463 1346 non
1508 1287 1695 1346 solum
1739 1285 2204 1354 Lacedoemoniis,
2247 1286 2361 1345 sed

355 1385 392 1438 8
420 1379 593 1437 etiam
620 1378 883 1444 omnibus
918 1377 1201 1455 opulenn's
1242 1376 1472 1453 populis
1513 1375 1859 1453 praedixisse.
1941 1375 2118 1434 Nulla
2158 1381 2361 1436 autem

417 1486 481 1527 re
524 1466 819 1526 conciliare
865 1463 1084 1524 facilius
1125 1465 1562 1525 benivolentiam
1600 1463 1980 1523 multitudinis
2019 1471 2259 1542 possunt
2298 1464 2359 1534 ii,

419 1556 517 1633 qui
541 1556 623 1614 rei
650 1554 895 1633 publicae
922 1556 1194 1632 praesunt,
1217 1572 1391 1631 quam
1420 1553 1758 1626 abstinentia
1786 1560 1845 1612 et
1860 1546 2230 1613 continentia.

351 1652 392 1705 9
500 1645 612 1716 Qui
651 1662 787 1702 vero
832 1662 895 1701 se
943 1643 1248 1721 populares
1292 1643 1513 1711 volunt,
1561 1643 1639 1702 ob
1686 1660 1930 1720 eamque
1974 1661 2206 1702 causam
2251 1651 2362 1703 aut

418 1731 701 1813 agrariam
727 1752 851 1794 rem
876 1739 1117 1801 tentant,
1145 1739 1214 1790 ut
1238 1750 1596 1810 possessores
1622 1732 1910 1812 pellantur
1944 1732 2066 1791 suis
2103 1732 2361 1802 sedibus,

420 1831 523 1884 aut
548 1823 818 1902 pecunias
844 1822 1091 1881 creditas
1118 1821 1470 1881 debitoribus
1496 1821 1901 1880 condonandas
1926 1828 2170 1900 putant:
2197 1822 2360 1882 labe-

420 1915 641 1974 factant
682 1913 1053 1972 fundamenta
1078 1911 1160 1970 rei
1195 1912 1484 1990 publicae3
1526 1911 1889 1974 concordiam
1930 1910 2197 1990 primum,
2225 1931 2365 1990 quae

189 2045 198 2054 ·
317 2019 324 2024 ·
420 2023 546 2064 esse
588 2023 702 2063 non
744 2010 953 2083 potest,¹
984 2022 1116 2061 cum
1155 2002 1276 2070 aliis
1319 2001 1663 2070 adimuntur,
1691 2002 1812 2059 aliis
1839 2001 2231 2061 condonantur
2255 2021 2363 2081 pe-

422 2094 630 2162 cuniae3
660 2092 866 2152 deinde
894 2092 1237 2170 aequitatem,
1259 2110 1391 2169 quae
1417 2091 1634 2150 tollitur
1653 2092 1853 2160 omnis,
1875 2091 1922 2149 si
1948 2091 2160 2150 habere
2188 2111 2366 2151 suum

321 2188 396 2242 10
424 2184 626 2261 cuique
651 2201 776 2241 non
791 2182 938 2240 licet.
1009 2182 1082 2240 Id
1110 2181 1259 2241 enim
1286 2187 1377 2239 est
1403 2181 1713 2259 proprium·
1726 2180 1819 2259 (ut
1856 2200 2032 2260 supra
2057 2180 2211 2259 dixi)-
2225 2182 2364 2241 civi·

424 2272 558 2330 tatis
585 2278 759 2348 atque
786 2270 960 2337 urbiS,
981 2277 1049 2328 ut
1067 2271 1117 2328 si
1141 2270 1319 2329 libera
1338 2278 1398 2328 et
1423 2289 1536 2327 non
1562 2271 1802 2329 sollicita
1827 2290 1950 2329 suae
1974 2272 2056 2330 rei
2076 2271 2365 2349 cujusque

323 2366 391 2419 11
424 2359 698 2419 custodia.
781 2359 982 2435 Atque
1023 2359 1082 2417 in
1123 2360 1232 2417 hac
1276 2360 1520 2436 pernicie
1560 2360 1641 2418 rei
1681 2360 1929 2438 publicae
1953 2380 2025 2420 ne
2051 2362 2208 2419 illam
2235 2362 2367 2439 qui·

322 2457 398 2510 12
428 2451 560 2510 dem
610 2454 1052 2526 consequuntur,
1093 2468 1268 2527 quam
1316 2456 1540 2526 putant,
1574 2441 1850 2529 gratiam.
1932 2451 2085 2509 Nam
2131 2451 2226 2508 cui
2264 2469 2366 2509 res

424 2547 623 2619 erepta
660 2546 766 2608 est,
808 2546 902 2598 est
938 2538 1227 2598 inimicus:
1269 2538 1364 2597 cui
1404 2539 1542 2600 data
1582 2546 1688 2607 est,
1719 2541 1891 2598 etiam
1931 2540 2268 2609 dissimulat,
2298 2558 2367 2601 se

423 2632 686 2709 accipere
729 2629 1006 2688 voluisse:
1048 2635 1109 2688 et
1151 2628 1396 2688 maxime
1436 2629 1496 2687 in
1539 2630 1790 2707 pecuniis
1833 2630 2059 2688 creditis
2106 2630 2369 2688 occultat

323 2725 396 2778 13
426 2739 592 2792 suum
632 2719 925 2797 gaudium,
967 2738 1040 2777 ne
1065 2719 1328 2777 videatur
1365 2737 1481 2777 non
1521 2718 1696 2777 fuisse
1739 2720 2029 2778 solvende.
2109 2720 2199 2776 At
2223 2737 2368 2779 vero

421 2808 533 2875 ille,
562 2808 660 2884 qui
687 2808 909 2885 accepit
943 2807 1223 2884 injuriam,
1251 2814 1317 2866 et
1338 2808 1609 2877 meminit,
1639 2815 1700 2866 et
1726 2827 1849 2887 prae
1874 2828 1937 2867 se
1964 2810 2076 2867 fert
2103 2808 2365 2868 dolorem

423 2914 624 2955 suum:
665 2914 790 2963 nec,
827 2896 886 2952 -si
933 2896 1129 2973 plures
1176 2902 1310 2954 sunt
1354 2898 1408 2966 ii,
1457 2897 1663 2974 quibus
1692 2897 1969 2975 'improbe
2008 2897 2211 2955 datum
2250 2905 2360 2968 est,

426 3003 599 3063 quam
641 2983 738 3051 illi,
770 2983 976 3060 quibus
1019 2979 1227 3062 injuste
1266 2985 1602 3063 ademptum
1630 2993 1734 3054 est,
1763 2986 1973 3045 idcirco
2013 2987 2146 3064 plus
2186 2988 2364 3046 etiam

403 3075 629 3136 'valent
713 3073 848 3131 Non
882 3073 1042 3132 ‘enim
1089 3093 1328 3132 numero
1374 3075 1500 3133 haec
1543 3074 1892 3153 judicantur,
1936 3076 2041 3133 sed
2086 3076 2358 3153 pondere.

326 3172 396 3226 14
426 3168 612 3237 Quam
653 3172 846 3222 autem
891 3164 1070 3223 habet
1114 3165 1462 3243 aequitatem,
1492 3173 1558 3223 ut
1584 3179 1789 3243 agrum
1826 3166 2022 3223 multis
2051 3165 2228 3233 annis,
2258 3173 2365 3225 aut

424 3257 598 3315 etiam
637 3254 877 3326 saecuiis,
907 3261 1041 3312 ante
1083 3273 1431 3332 possessum,
1460 3254 1558 3331 qui
1597 3256 1819 3314 nullum
1856 3254 2077 3322 habuit,
2107 3254 2359 3313 habeat:

426 3346 523 3424 qui
549 3353 742 3403 autem
769 3345 987 3412 habuit,
1016 3345 1285 3403 amittat?
1354 3344 1578 3402 XXIII.
1618 3346 1711 3403 Ac
1740 3351 1978 3422 propter
2004 3344 2113 3401 hoc
2140 3344 2364 3421 injun'ae

422 3454 606 3513 genus
633 3433 1049 3492 Lacedaemonii
1075 3434 1438 3511 Lysandrum
1465 3434 1746 3510 ephorum
1783 3434 2160 3511 expulerunt;
2201 3433 2364 3512 Agin

424 3541 637 3601 regem,
660 3521 816 3599 quod
842 3540 1134 3598 nunquam
1160 3531 1330 3581 antea
1355 3523 1511 3601 apud
1541 3542 1639 3581 eos
1665 3522 1969 3590 acciderat,
1993 3528 2362 3581 necaverunt.

360 3618 397 3673 2
423 3612 626 3690 Exque
666 3628 737 3669 eo
780 3616 1038 3687 tempore
1076 3617 1255 3670 tantae
1294 3609 1594 3671 discordiae
1633 3613 1850 3672 secutae
1888 3619 2041 3680 sunt,
2070 3617 2139 3669 ut
2165 3616 2228 3669 et
2267 3617 2364 3688 ty·
