2592 4142
890 316 1063 354 unna
1090 316 1176 354 111.
1261 315 1394 355 οΑΡ.
1424 317 1479 354 x.
2122 294 2198 354 9⁷

152 445 209 507 si
231 446 450 505 habeat
476 444 720 522 sapiens,
737 444 920 501 vnihilo
948 429 1080 522 plus
1119 439 1226 502 sibi
1250 443 1418 503 licere
1448 450 1613 521 putet
1640 461 1893 521 peccare,
1924 459 2098 520 quam

155 536 207 594 si
231 527 350 593 non
376 536 630 592 haberet.
714 534 971 591 Honesta
998 533 1147 591 enim
1185 534 1345 592 bonis
1372 534 1520 601 viriS,
1550 552 1662 592 non
1689 532 1915 592 occulta
1940 548 2094 609 quae·

155 633 379 683 runtur.
463 623 799 700 Atqueaehoc
827 623 953 680 loco
981 623 1303 700 philosophi
1328 623 1575 698 quidam,
1605 622 1831 679 minime
1857 621 1991 680 mali
2015 620 2098 678 illi
2125 628 2161 680 5

157 714 411 791 quidem,
431 712 533 770 sed
561 732 675 769 non
702 713 836 768 satis
857 712 1034 779 acuti,
1060 713 1252 769 fictam
1281 720 1340 769 et
1368 712 1816 770 commenticiam
1842 711 2097 770 fabulam

160 804 451 882 prolatam
496 802 695 860 dicunt
738 819 773 857 a
814 802 1087 859 Platone:
1131 801 1294 878 quasi
1321 820 1455 858 vero
1496 801 1606 878 ille,
1637 807 1739 859 aut
1777 801 1995 859 factum
2037 800 2098 858 id

168 912 307 961 esse,
337 898 441 949 aut
475 891 597 952 fieri
639 891 893 968 potuisse
935 889 1252 965 defendat„
1309 890 1456 948 Haec
1497 896 1587 947 est
1613 890 1698 948 vis
1735 890 1911 972 hujus
1947 889 2099 947 anuli
2127 895 2162 948 6

171 989 224 1040 ιι
266 982 443 1060 hujus
486 979 751 1057 exempli,
791 980 840 1037 si
869 998 1046 1054 'nemo
1088 979 1352 1047 sciturus,
1389 998 1558 1037 nemo
1598 984 1689 1036 ne‘
1709 980 2099 1056 suspicaturus

182 1071 400 1150 luidem
438 1070 528 1139 sit,
567 1089 700 1128 cum
738 1069 958 1146 'aliquid
1000 1068 1340 1136 divitiarum,
1370 1069 1655 1150 potentian,
1687 1068 2097 1137 dominationis,

184 1159 410 1220 tbidinis
453 1177 630 1219 causa
668 1158 884 1225 feceriS,
916 1157 1061 1215 si=id
1100 1157 1209 1215 diis
1250 1158 1687 1236 hominibusque
1729 1157 1988 1216 futurum
2028 1157 2102 1215 sit

175 1268 396 1328 .·emper
409 1249 685 1327 ignotum,
702 1248 849 1305 sisn'e
869 1247 1141 1306 facturus.
1196 1247 1433 1326 Negant
1448 1247 1505 1306 id
1523 1247 1645 1306 fieri
1660 1265 1844 1325 posse.
1889 1247 2100 1319 Quam·-
2130 1245 2165 1306 '7

173 1358 342 1422 quam
384 1343 577 1416 potest
601 1337 661 1395 id
689 1336 951 1414 quidem:
993 1336 1098 1394 sed
1136 1329 1349 1414 quaero,
1380 1337 1535 1415 quod
1574 1343 1791 1416 negant
1827 1355 2011 1415 posse,
2039 1336 2100 1395 id

163 1429 215 1488 ni
241 1434 457 1506 posset,
487 1426 761 1505 quidnam
784 1427 1078 1484 facerent.
1057 1426 1102 1468 ⁹⁴
1168 1427 1394 1505 Urgent
1432 1427 1641 1485 rustice
1669 1446 1842 1488 sane.
1829 1445 1842 1459 ·
1885 1433 2100 1510 negant
2129 1433 2166 1492 8

164 1519 321 1578 enim
347 1535 532 1595 posse,
555 1524 623 1574 et
645 1516 705 1573 in
730 1534 799 1573 eo
826 1522 1141 1593 perstant·
1183 1516 1310 1584 Hoc
1337 1517 1571 1579 verbum
1592 1517 1729 1598 quid
1756 1516 1958 1585 valeat,
1987 1536 2101 1575 non

165 1607 380 1666 vident.
464 1606 613 1664 Cum
639 1605 786 1663 enim
828 1605 1151 1683 qumi-imus,
1182 1606 1232 1666 si
1258 1607 1441 1669 celare
1469 1607 1702 1690 possint,
1730 1606 1869 1683 quid
1896 1606 2103 1665 facturi
2131 1613 2167 1666 9

166 1697 299 1765 sint,
318 1715 432 1753 non
457 1695 783 1778 quaerimus,
801 1695 1091 1797 possintne
1119 1695 1338 1763 celare3
1368 1695 1470 1756 sed
1498 1700 1793 1772 tamquam
1819 1689 2104 1754 tormenta

165 1786 441 1864 quaedam
480 1785 833 1854 adhibemus,
862 1792 948 1852 ut,
975 1785 1024 1842 si
1048 1784 1463 1862 responderint,
1492 1803 1571 1853 se,
1600 1784 1942 1862 impunitate
1970 1804 2101 1864 pro-

168 1876 375 1957 posita,
402 1875 652 1936 facturos
679 1874 836 1958 quod
860 1874 1145 1953 expediat,
1166 1874 1513 1935 facinorosos
1541 1892 1604 1932 se
1630 1891 1757 1931 esse
1781 1873 2100 1932 fateantur:

168 1966 221 2026 si
243 1972 475 2067 negent,
504 1964 692 2023 omnia
716 1963 907 2042 turpia
933 1982 1037 2042 per
1064 1981 1126 2021 se
1153 1962 1279 2040 ipsa
1318 1962 1591 2042 fugienda
1617 1981 1743 2021 esse
1770 1962 2101 2022 concedant.

165 2054 339 2114 Sed
316 2073 440 2133 Jam
466 2054 544 2118 ad
570 2053 928 2136 propositum
951 2058 1323 2112 revertamur.

250 2232 325 2295 X.
368 2231 637 2292 Incidunt
678 2232 879 2292 multae
913 2245 1069 2310 saepe
1096 2247 1304 2301 causae,
1335 2252 1467 2310 quae
1507 2233 1848 2294 conturbent
1886 2232 2104 2298 animo·

169 2321 432 2385 utilitatis
458 2322 678 2399 specie3
720 2341 856 2390 non,
895 2341 1027 2381 cum
1053 2321 1163 2380 hoc
1191 2322 1551 2392 deliberetur,
1578 2320 2012 2402 relinquendane
2033 2324 2107 2386 sit

169 2412 443 2474 honestas
470 2418 704 2489 propter
719 2411 978 2470 utilitatis
1003 2410 1457 2490 magnitudinem
1478 2411 1634 2492 (nam
1660 2414 1720 2472 id
1747 2413 2019 2500 quidem
2001 2433 2104 2479 lm

171 2501 423 2579 probum
446 2498 559 2580 est)
588 2501 692 2560 sed
731 2501 891 2568 illud,
922 2501 1175 2578 possitne
1214 2501 1291 2570 id,
1322 2502 1477 2579 quod
1505 2502 1641 2561 utile
1667 2502 1945 2570 videatur,
1987 2503 2108 2564 fieri

171 2610 290 2650 non
317 2591 577 2668 turpiter.
660 2591 810 2649 Cum
828 2591 1110 2650 Collatino
1130 2591 1369 2668 collegae
1388 2590 1636 2648 Brutus
1621 2592 1917 2668 lmperium
1941 2591 2107 2649 abro-
2134 2596 2170 2650 2

172 2682 375 2759 gabat,
405 2687 631 2758 poterat
656 2680 833 2740 videri
858 2681 1045 2739 facere
1069 2680 1296 2758 injuste.
1378 2680 1592 2748 Fuerat
1617 2678 1765 2738 enim
1790 2680 1849 2737 in
1874 2679 2105 2758 regibus

172 2770 528 2848 expellendis
551 2770 737 2828 socius
764 2770 928 2828 Bruti
953 2770 1313 2838 consiliorum
1330 2776 1390 2827 et
1416 2768 1662 2847 adjutor.
1745 2769 1895 2828 Cum
1913 2775 2108 2828 autem

171 2860 471 2918 consilium
497 2859 607 2918 hoc
635 2859 917 2938 principes
958 2860 1259 2938 cepissent,
1299 2859 1692 2938 cognationem
1721 2859 1968 2938 Superbi
2005 2871 2105 2918 no·

168 2966 423 3026 menque
454 2949 885 3028 Tarquiniorum
924 2956 985 3007 et
1022 2948 1352 3018 memoriam
1392 2949 1557 3029 regni
1595 2968 1720 3008 esse
1758 2949 2105 3012 tollendam
2089 2963 2105 2982 ⁶

169 3038 331 3116 quod
371 3045 497 3096 erat
540 3039 696 3106 utile,
727 3039 928 3116 patriae
968 3039 1276 3109 consulere,
1304 3040 1369 3099 id
1409 3047 1534 3098 erat
1570 3039 1651 3098 ita
1690 3039 2009 3107 honestum,
2039 3046 2106 3097 ut

170 3128 348 3187 etiam
371 3127 480 3206 ipsi
509 3127 797 3191 Collatino
837 3128 1063 3206 placere
1102 3129 1357 3203 deberet.
1437 3130 1644 3216 Itaque
1682 3128 1895 3194 utilitas
1919 3127 2107 3194 valuit
2132 3133 2170 3194 8

169 3224 416 3297 propter
452 3217 829 3287 honestatem,
875 3217 995 3279 sine
1037 3237 1154 3296 qua
1195 3237 1269 3280 ne
1307 3217 1522 3284 utilitas
1564 3216 1796 3302 quidem
1836 3233 1964 3279 esse
2003 3233 2105 3293 po·-

168 3307 394 3365 tuisset
475 3306 602 3364 At
586 3326 646 3371 m
664 3325 734 3369 eo
759 3325 916 3385 rege,
944 3307 1041 3384 qui
1065 3307 1269 3367 urbem
1294 3304 1565 3374 condidit,
1585 3323 1701 3362 non
1725 3305 1879 3374 item.
1962 3303 2106 3384 Spe-
2133 3308 2172 3369 4

169 3396 287 3455 cies
314 3395 468 3454 enim
484 3395 745 3462 utilitatis
772 3395 1024 3463 animum
1040 3397 1261 3475 pepulit
1276 3396 1440 3475 ejus.
1483 3394 1574 3454 cui
1601 3412 1734 3456 cum
1751 3393 1943 3463 visum
1956 3400 2110 3462 esset

167 3486 385 3553 utilius,
414 3484 619 3555 solum,
650 3504 825 3563 quam
865 3506 997 3548 eum
1025 3487 1210 3545 altero
1244 3503 1500 3565 regnare,
1529 3484 1765 3543 fratrem
1805 3482 2107 3554 interemit,

169 3575 381 3634 Omisit
421 3575 515 3633 hic
556 3582 617 3633 et
657 3575 929 3653 pietatem
970 3581 1030 3635 et
1068 3576 1494 3646 humanitatem,
1543 3582 1611 3635 ut
1651 3574 1730 3646 id,
1771 3573 1930 3663 quod
1968 3573 2108 3637 utile
2138 3581 2178 3636 5

167 3664 492 3733 videbatur,
510 3682 698 3743 neque
724 3672 864 3734 erat,
886 3667 1110 3744 assequi
1137 3672 1364 3744 posset:
1407 3672 1678 3736 ettamen
1703 3664 1851 3732 muri
1877 3683 2112 3726 causam

1148 3762 1184 3815 9
